2750 4332
419 200 473 284 η
609 149 1077 256 .'REGULAE

415 317 450 392 si
471 305 618 416 aliquid
634 334 706 419 pro
725 336 795 410 se,
825 341 896 426 aus
914 299 1110 396 Societatc
1135 333 1343 420 cogantur

414 426 658 538 respondere
670 476 710 528 ,ψ
743 455 789 509 ea
825 429 1024 512 modestia
1055 424 1303 511 satisfaciant
1321 485 1341 530 2

249 655 254 664 ·
414 569 634 628 utcansam
652 539 832 643 omini,
863 571 953 630 non
986 541 1362 652 suam'agere
1277 543 1336 624 vi

377 660 614 746 deaurat-
727 685 730 689 ·
1361 691 1362 704 ²

165 822 398 886 Matusarum·
453 799 546 884 19.
578 768 732 859 Modus
750 725 1049 877 concionandi,
1080 772 1145 880 qui
1171 802 1197 856 a
1221 773 1336 858 seho-

166 925 231 968 55555
254 903 397 981 5555555555
414 891 556 978 lastico
575 891 756 976 diversus
772 919 862 978 esse
878 891 1024 990 debet,
1056 890 1110 972 ita
1131 889 1183 972 sit
1203 891 1253 974 ad
1268 889 1362 971 do·

166 981 388 1140 ‘diffindat'
347 1075 388 1134 3
414 1009 586 1092 cendum
623 1011 906 1203 comparatus,
945 1033 990 1089 ut
1024 1006 1072 1089 ad
1102 1005 1334 1090 animorum

415 1149 574 1212 motum
588 1149 820 1240 praecipue
815 1125 1026 1232 litigatur:
1044 1149 1217 1226 cumque
1229 1149 1333 1228 qua

413 1264 492 1324 stro
522 1241 654 1346 aliqua
684 1265 822 1320 earum
835 1267 969 1345 ‚tpaae
1001 1239 1049 1320 ad
1080 1237 1239 1344 fidom3
1272 1263 1333 1321 aut

412 1384 546 1442 mores
562 1355 799 1484 pertinent·⁹
832 1299 953 1440 modo
979 1355 1112 1462 aliquo
1129 1355 1332 1440 tractanda

411 1475 511 1574 etit,
542 1500 629 1558 non
660 1473 715 1554 ita
746 1497 882 1556 exacte
915 1489 1197 1584 proponantur
1210 1497 1326 1582 argu-

411 1613 581 1688 menta,
609 1587 753 1694 quibus
778 1589 978 1672 contraria
1004 1615 1096 1698 pars
1112 1589 1362 1680 confirma-

409 1728 476 1788 tur
491 1704 601 1804 (nisi
614 1704 856 1786 auditorium
873 1704 912 1786 id
927 1709 1128 1816 postulet)
1145 1758 1159 1805 ,
1176 1730 1226 1790 555
1242 1704 1327 1788 sim·

407 1821 629 1950 pliciores
621 1846 711 1931 ipso
741 1820 993 1930 proponendi
1025 1825 1146 1932 modo
1181 1813 1362 1908 offendi

407 1938 597 2050 possint3
629 1937 699 2019 sed
725 1965 772 2018 eo
796 1960 986 2046 pactores
1003 1964 1260 2050 exponatur,
1287 1961 1362 2028 ut

389 2055 538 2141 ¹illieu
563 2053 651 2152 data
679 2051 943 2162 explicatione
975 2054 1230 2139 'solutionem
1260 2079 1324 2134 eo·
1361 2071 1362 2102 ³

404 2196 526 2275 rum,
558 2195 650 2278 quae
667 2167 799 2251 sibiin
818 2196 1000 2254 mentem
1020 2171 1237 2271 venerint,
1265 2192 1324 2251 aut
1361 2183 1362 2240 5

276 2303 279 2311 ·
405 2283 454 2368 ab
470 2281 560 2366 alii's
576 2283 801 2368 audiverint
820 2343 835 2388 ,
864 2283 977 2370 facile
996 2286 1216 2395 colligant.

158 2434 321 2495 vestorum
345 2431 388 2493 le·
463 2425 537 2491 oo.
569 2399 632 2484 Ne
660 2403 743 2486 sint
776 2396 976 2509 affectati,
1007 2427 1077 2486 ant
1110 2402 1362 2487 verborum

171 2537 227 2573 ¹¹⁰
232 2520 294 2576 55555
326 2510 374 2574 55·
401 2517 604 2601 lenocinia
625 2540 855 2641 sectentur,
889 2546 964 2601 nec
980 2517 1113 2603 studio
1125 2515 1362 2632 politioris

155 2616 264 2677 W
402 2637 606 2718 sermonis
640 2623 711 2719 eos
738 2630 862 2717 libros
881 2627 1055 2720 habeant
1077 2633 1319 2728 familiares,

399 2779 452 2838 etr
480 2776 653 2854 quorum
685 2748 859 2836 lectione
880 2751 1169 2836 detrimentum
1189 2750 1232 2834 in
1251 2745 1319 2856 spi·

400 2869 477 2954 ritu
508 2867 788 2981 accipiant,
762 2862 805 2949 85
841 2871 1018 2956 seculare
1050 2867 1195 2976 aliquid
1212 2864 1322 2949 redo-

402 2986 544 3069 leant.

178 3141 224 3204 55
251 3149 389 3217 engen
463 3128 533 3190 or.
557 3099 614 3185 In
644 3103 848 3205 laudibus,
878 3101 922 3189 85
946 3092 1319 3220 reprehensionibus

158 3217 391 3285 5555555555555·
378 3243 427 3300 'a
457 3215 598 3301 nimiis
637 3219 1017 3329 exagerationibus,
1049 3219 1093 3307 85
1126 3217 1177 3302 ab
1211 3237 1362 3300 orum

159 3323 269 3366 '¹⁸³⁰‘
405 3334 823 3449 spacieadulationis·
815 3336 1070 3424 abstineant.

177 3499 391 3562 Momm.
463 3475 535 3542 aa.
567 3449 712 3536 Gestus
744 3452 919 3564 corporis
940 3454 993 3536 sit
1001 3452 1253 3549 modestus,
1281 3429 1362 3524 85

100 3653 103 3660 ,
158 3588 213 3649 cis
225 3583 388 3661 8555555555
405 3551 449 3650 in
466 3593 549 3674 quo
561 3568 737 3679 gravitas
756 3568 944 3675 quaedam
972 3570 1164 3678 religiosa
1184 3554 1317 3674 praecl-
1361 3607 1362 3666 1

323 3709 482 3794 pue
495 3687 675 3788 eluceat,
703 3713 923 3812 vocemque
950 3682 1253 3774 accommodent
1276 3665 1316 3751 ad
1361 3685 1362 3748 ὲ

1227 3813 1313 3890 res,
1361 3843 1362 3856 t
