2756 4336
21 237 22 250 ψ
185 139 822 266 PROGURAT.PRov1NG.
887 174 967 258 191

11 393 12 398 Ν
54 295 355 409 ampliationes,
376 284 688 390 restrictiones,
719 310 976 394 contractus,
1076 289 1102 334 ‘³'

53 413 322 506 concordata,
354 404 398 490 or
435 401 585 486 similia
614 461 625 485 .
656 402 722 484 Ad
759 403 845 488 haec
882 400 976 486 libri

14 531 17 610 ἶ
52 536 358 614 procuratorum
378 517 606 605 Provinciae
623 518 819 634 complexi
847 521 976 600 ratio-

13 721 14 761 ,
51 677 115 730 nes
134 669 342 730 annorum
362 637 646 748 superiorum,
678 636 720 718 ἃ
737 660 977 744 progressus

11 767 15 827 1
51 761 305 872 negotiorum
326 815 341 863 ,
370 753 415 838 ἃ
434 753 510 837 alia
530 775 799 834 monumenta
817 752 978 836 muneri
1084 854 1087 860 .

51 877 320 962 Procuratoris
353 869 584 956 Provinciae
621 867 813 978 propria.
845 866 978 952 Deni-

10 1019 11 1060 ³
50 1025 116 1102 que
150 995 360 1104 scripturae
388 1011 496 1072 certa
513 987 745 1070 Provinciae
766 981 976 1093 Collegia,

49 1138 110 1194 aut
126 1109 288 1195 Domos
318 1108 379 1189 ita
403 1105 705 1214 respicientes,
736 1127 781 1184 ut
814 1101 977 1187 illorum

48 1226 228 1312 Archivis
246 1254 334 1329 non
359 1219 613 1305 debeantur:
646 1245 744 1300 nam
762 1217 854 1298 aliae
874 1219 975 1300 scri-

46 1372 173 1457 pturae
205 1403 219 1448 ,
268 1341 312 1425 ἅ
343 1341 623 1422 instrumenta
653 1359 742 1438 quee
779 1359 801 1410 a
832 1329 973 1415 Colle-

46 1465 150 1572 giis,
183 1457 468 1560 Domibusque
500 1449 683 1560 accepit,
717 1447 765 1528 ad
796 1451 973 1554 gerenda

44 1580 205 1663 illorum
234 1574 428 1684 negotia,
458 1565 650 1651 conlectis
681 1587 890 1672 negotiis,
919 1566 967 1650 fi-

45 1697 183 1782 deliter
203 1695 389 1778 restituet
409 1746 421 1770 .

94 1839 170 1922 24.
205 1809 354 1905 Guret,
386 1797 515 1914 quoad
531 1797 618 1882 lieri
633 1821 791 1910 potest,
825 1821 971 1881 utmo·
1003 1817 1201 1876 monumenta

41 1954 237 2014 numento
254 1921 420 2008 Archivi
439 1919 494 2003 ita
512 1941 736 2033 comparata
765 1915 848 1996 sint
875 1915 966 1997 sub.
983 1898 1175 1995 authentica,
1187 1897 1216 1954 aa

995 1995 1129 2037 omniunt
1156 1979 1200 2034 in·

43 2046 260 2160 scriptione
277 2032 535 2146 Tabellionis
556 2032 742 2143 publici,
775 2031 967 2140 aliterve,
981 2060 1071 2140 voce·

40 2191 79 2248 ut
111 2165 234 2248 fidem
258 2159 384 2242 lacere
411 2150 571 2264 possint
604 2147 844 2252 injudicio.
878 2149 968 2230 Ha-

38 2282 124 2366 beat
143 2307 241 2364 vero
265 2275 444 2374 librum,
473 2267 518 2352 in
551 2291 628 2369 quo
651 2291 822 2348 summu
853 2291 967 2372 quae.
1004 2247 1019 2280 ⁹

36 2391 312 2492 domomum,
344 2417 437 2496 quae
456 2383 573 2468 habet
590 2379 840 2481 Archivutn,
871 2406 965 2468 con.

37 2516 211 2602 tineatur
228 2543 279 2597 eo
297 2509 463 2612 ordine,
495 2527 616 2608 quem
635 2498 679 2582 in
694 2495 869 2582 Archivo
888 2499 965 2580 ob·-
1029 2526 1031 2529 ’

36 2635 170 2736 tinent
187 2695 198 2716 .

88 2781 115 2840 α
123 2781 163 2865 5.
194 2745 368 2830 Nullum
382 2769 432 2829 ex
447 2731 626 2822 Archivo
646 2705 968 2816 monumentum,
992 2745 1116 2806 Cautus
1143 2747 1211 2806 ma

31 2870 251 2974 cuiquam,
280 2854 608 2946 seuDomestico
635 2901 649 2950 ,
680 2875 749 2930 seu
779 2849 963 2932 Externo
981 2826 1213 2966 fflfflffigfif

30 2984 224 3070 concedat
251 2981 339 3064 sine
369 2972 643 3074 necessitate,
674 2962 717 3046 dt
751 2963 831 3082 nisi
849 2962 892 3047 in
912 2967 965 3048 li-
982 2993 1063 3069 pm·

29 3099 137 3187 bello
154 3099 341 3197 notarit,
371 3090 499 3198 quid,
529 3087 626 3187 cui,
657 3080 700 3165 ὅ(
716 3081 876 3187 quando
895 3082 967 3164 de-
1070 3169 1075 3180 ,
1219 3140 1249 3186 κ
1280 3141 1284 3151 .

28 3217 161 3303 derit:
196 3215 240 3300 ἃ
258 3215 291 3306 si
309 3233 500 3301 externus
516 3201 665 3302 fuerit,
697 3193 966 3309 syngrapham
1105 3299 1106 3305 Ν

25 3333 149 3419 abeo
178 3330 403 3442 acceperit,
435 3349 479 3408 ut
508 3317 640 3432 possit
678 3331 753 3397 suo
785 3341 965 3425 tempore
1053 3383 1056 3388 .

25 3478 241 3564 reposcere
262 3513 272 3534 .
301 3448 361 3528 Ea
378 3469 502 3537 vero,
535 3432 676 3541 quibus
695 3432 778 3541 ipse
799 3433 847 3513 ad
865 3459 964 3539 prae·

27 3570 160 3653 sentia
176 3561 358 3679 negotia,
373 3587 444 3643 seu
461 3583 511 3642 ex
527 3549 731 3656 Archivo,
751 3575 822 3630 seu
839 3542 965 3632 aliun-

25 3684 69 3768 de
86 3685 291 3800 accipiet,
324 3680 369 3766 in
394 3671 577 3762 cubiculo
598 3690 732 3754 servet
747 3665 821 3750 rite
844 3663 963 3750 ordi-

510 3819 513 3824 ’
833 3803 971 3923 nato,
