2750 4332
19 847 48 878 '
159 854 340 918 audiendis·

403 265 432 360 s
668 240 1072 360 resurr

179 447 390 514 confessores
466 446 534 528 14.
546 416 598 502 Iu
606 413 782 526 Templo
795 399 1102 512 G‘onfosaionesr
1110 407 1208 497 dum
1221 399 1352 507 Gora·

157 551 290 636 tempore
319 535 466 622 con-cio
488 533 567 640 fit,
598 535 663 618 uel
675 529 792 618 Sacra
804 534 972 638 Lectio,
1002 529 1303 619 nemoaudiat.

155 619 392 756 iillls'rncon.
432 745 437 751 ,
469 671 536 764 15.
569 645 817 734 Confessarii
850 648 904 735 ita
937 641 1338 756 audianrpoeniten-

187 775 364 835 sessionibus
407 793 503 864 tes,
531 791 577 848 ut
611 769 797 849 mutuum
831 777 1034 876 aspectum
1050 761 1242 872 fugiant3
1278 766 1342 850 sic

406 881 518 967 enim
536 880 753 980 attentius,
770 876 813 964 ἃ
827 879 994 968 liberius
1012 879 1209 986 audient:
1226 883 1340 988 quod

405 999 444 1082 si
483 999 592 1080 locus
624 981 821 1082 nouerit
851 983 1082 1108 eiusmodi,
1112 1019 1159 1108 ut
1193 993 1340 1081 tabula

404 1109 716 1200 Gonfessarium
733 1142 756 1194 a
772 1113 996 1198 confitente
1031 1108 1179 1193 dividat
1196 1165 1212 1210 ‚
1242 1139 1336 1196 rna-

404 1256 486 1316 nus
501 1228 737 1340 interposita
752 1229 860 1313 inter
873 1227 1017 1311 faciem
1032 1226 1238 1336 propriam
1257 1289 1273 1338 ‚
1293 1227 1339 1314 ἅ

405 1343 700 1448 confitentem,
732 1345 797 1449 qui
816 1344 864 1426 ad
883 1348 987 1430 latus
1007 1367 1095 1425 esse
1114 1339 1262 1443 debet,
1299 1346 1338 1430 id

138 1478 391 1595 ·„„„,3,9‚,'„
406 1459 639 1577 praestabit.
667 1459 894 1544 Mulierum
920 1487 1019 1542 vero
1036 1450 1339 1545 confessiones

159 1605 265 1675 congr·
296 1616 326 1666 7·
357 1606 496 1662 ennon
514 1575 751 1684 audiantur,
783 1577 868 1663 nisi
899 1575 1139 1673 adorares,
1171 1576 1336 1672 etiamsi

157 1685 232 1746 1³⁵²·
246 1671 494 1778 1’*⁰⁰⁰’¹f‘·sint
505 1689 702 1802 puellulae
718 1753 728 1775 .

178 1879 294 1956 Quies
324 1891 392 1934 cum
470 1811 538 1897 16.
566 1795 618 1892 Iu
649 1807 855 1892 audiendis
873 1800 1247 1907 confessionibus,
1278 1804 1338 1890 fe·

160 1955 354 2026 mutieribus·
408 1921 613 2010 minarum
630 1925 882 2038 praesertim,
914 1947 1079 2006 severos
1099 1923 1240 2032 potius
1261 1951 1336 2026 se,

408 2063 529 2145 quarn
559 2037 778 2125 familiares
815 2035 1062 2124 exhibeant:
1095 2034 1139 2122 iu
1163 2039 1337 2124 univer-

307 2216 312 2226 .
409 2183 505 2238 aum
523 2179 658 2265 tamen
673 2181 841 2268 paterna
855 2150 1039 2262 quaedam
1058 2152 1133 2264 ,ἃ
1146 2153 1336 2268 spiritua·

410 2270 462 2354 lis
479 2270 653 2380 gravitas
674 2275 718 2358 iu
736 2263 793 2356 eis
815 2273 999 2356 eluceat.

187 2444 243 2500 E„
268 2437 396 2501 brem„
472 2383 686 2496 17.Eos‚
730 2382 796 2496 qui
829 2375 1006 2472 crebrius
1040 2385 1335 2500 confitentur,

164 2519 342 2603 expediant.-
410 2499 585 2586 maxime
615 2500 788 2589 laminas
821 2555 835 2600 ,
876 2501 1049 2586 breviter
1081 2507 1336 2616 expediant,

409 2643 487 2700 nec
501 2616 548 2700 de
565 2613 684 2702 rebus
707 2619 754 2702 ad
773 2617 1090 2705 consessionem
1105 2648 1194 2706 non
1208 2627 1338 2733 perti·

290 2772 292 2786 ·
410 2728 599 2818 nantibus
617 2733 661 2818 in
673 2733 946 2823 Confessione
964 2735 1203 2848 loquantur:
1225 2767 1338 2826 extra

409 2847 725 2935 confessionem
752 2881 878 2951 vero,
910 2846 943 2934 si
964 2851 1166 2960 oportebit
1182 2879 1252 2936 eas
1272 2861 1336 2940 al·
1370 2891 1371 2896 ¹

410 2965 549 3074 loqui,
581 2965 625 3054 id
648 2963 716 3051 liat
735 2967 779 3056 in
797 2973 886 3054 loco
914 2968 1068 3079 patenti
1091 2996 1107 3069 3
1134 2995 1211 3052 nec
1239 2971 1336 3056 lon·

407 3104 506 3189 gum
523 3107 755 3170 sermonem
773 3085 965 3172 misceant
985 3143 1000 3192 ‚
1031 3083 1075 3170 dr
1092 3088 1237 3170 oculos
1254 3117 1337 3174 mo·

409 3197 521 3281 deste
538 3195 737 3282 demissos
756 3197 957 3286 habeant.

175 3358 257 3422 aaut
274 3374 395 3438 piare..
475 3315 543 3403 18.
577 3313 750 3421 Quando
772 3309 864 3424 quis
881 3345 903 3400 a
919 3301 1138 3428 Superiora
1156 3316 1341 3406 mitratur

164 3445 229 3502 aa·
409 3425 460 3510 ad
485 3427 782 3518 confessiones
811 3433 1054 3519 feminarum
1084 3433 1338 3540 audiendas,

165 3520 239 3597 ΡΨ
253 3539 306 3581 “’
319 3519 381 3601 5‘3'
409 3545 475 3627 vel
492 3546 632 3631 eliade
646 3577 763 3636 causa
776 3577 842 3634 eas
857 3543 1020 3652 adierit,
1036 3549 1196 3646 socius,
1216 3579 1338 3657 quem

409 3656 600 3770 Superior
625 3663 701 3776 ipsi
736 3658 992 3778 designabit,
1024 3667 1217 3771 quamdiu
1248 3697 1339 3752 cum

409 3773 574 3866 lerninis
602 3779 797 3870 Sacerdos
820 3785 1062 3902 loquetur,
1091 3812 1143 3867 eo
1177 3784 1222 3872 in
1250 3786 1338 3868 loco

1230 3925 1307 3985 ent
1323 3949 1337 3998 5
