2756 4336
418 177 1206 481 'innuosa

447 573 954 710 tnsrttucronts
995 591 1309 736 paruulo

529 833 780 924 TERTIAE
805 822 1239 926 PROBAT10N18.'
1272 823 1279 834 '

165 1133 398 1218 nujusnrosa·
449 1173 487 1226 1.
650 1139 752 1224 dniti
785 1171 878 1230 ante
909 1141 1047 1226 omnia
1080 1141 1229 1238 debet,
1262 1140 1338 1245 qui

166 1229 291 1365 {¹1:⁰¹⁰
294 1236 397 1290 “⁶⁵⁵¹
412 1193 948 1391 buicntuneripraelicitur,
978 1285 1023 1340 ut
1044 1257 1338 1342 memorutili-
1365 1303 1366 1376 p

412 1374 506 1457 tatis
523 1428 537 1472 ,
568 1375 924 1505 necessitatisque,
955 1373 1007 1458 ob
1039 1401 1157 1478 quam
1187 1375 1232 1456 in
1249 1373 1366 1455 So

410 1489 552 1574 eierare
569 1491 756 1575 instituta
770 1522 833 1576 est
850 1495 938 1594 haec
955 1489 1149 1600 probati03
1167 1518 1254 1575 tum
1276 1517 1337 1571 se

410 1606 470 1687 rio
484 1607 593 1717 ipse,
613 1635 656 1688 ac
673 1595 917 1741 diligenter
909 1639 951 1693 tn
966 1599 1183 1691 Officium
1175 1635 1366 1688 incum-

413 1722 503 1820 bat,
537 1750 625 1833 tum
642 1750 711 1805 eos
727 1728 897 1831 excitet,
929 1723 996 1854 qui
1014 1723 1057 1806 in
1076 1752 1121 1806 ea
1137 1750 1336 1808 exercen-

408 1838 448 1920 di
467 1865 563 1923 sunt
581 1896 596 1940 ‚
628 1867 672 1925 ut
686 1867 837 1952 magno
853 1841 978 1926 aninn
966 1841 1158 1943 studio,
1189 1837 1233 1922 ἃ
1250 1841 1332 1921 ala·

323 1989 335 1997 ·
407 1953 543 2039 critate
566 1953 678 2041 illam
703 1958 954 2066 suscipiant.

160 2079 391 2168 axercntaquae·
468 2101 507 2160 ρ.
543 2070 662 2178 Quod
679 2077 727 2156 ad
745 2075 942 2160 rationem
955 2069 1212 2158 probationis
1239 2067 1334 2152 atti-

162 2174 267 2244 ΜΨ
407 2211 508 2293 net;
535 2187 677 2270 iisdem
723 2191 898 2274 omnino
936 2251 949 2294 ‚
990 2181 1133 2293 quibus
1171 2184 1334 2268 Novitii

406 2301 742 2410 probationibus,
773 2332 855 2390 tant
873 2306 1175 2416 spiritualibus,
1207 2331 1331 2408 quam

405 2418 679 2526 corporalibus
720 2424 931 2506 exercendi
966 2449 1094 2526 sunt,
1124 2421 1200 2502 hoc
1233 2441 1329 2517 est,
1366 2513 1367 2528 Ν

406 2554 478 2619 sex
508 2537 797 2660 experimentis
818 2539 1060 2646 Societatis,
1092 2535 1136 2622 ἃ
1160 2533 1306 2617 aliis
1274 2561 1332 2616 st·
1366 2537 1367 2544 '

404 2647 601 2778 rnilibus,
634 2680 725 2757 quaa
724 2639 788 2736 ad
804 2654 1022 2766 perlectam
1054 2653 1114 2739 sui
1146 2649 1329 2757 abnega-

402 2765 560 2852 tionem
579 2767 816 2875 conferant,
847 2799 1008 2904 sumpto
1027 2767 1226 2856 exordioa
1242 2765 1328 2877 Spi-

399 2880 613 2986 ritualibus
633 2887 845 2970 Exercitiis
875 2917 947 2998 per
983 2889 1187 2997 integrum
1207 2913 1330 2967 men-

401 3023 523 3078 sem:
558 2979 623 3082 Ad
652 3003 846 3110 Magistri
891 3031 1024 3087 autern
1070 3002 1327 3137 prudentiam

399 3113 647 3218 pertinebit,
679 3121 925 3226 prorationo
938 3119 1325 3227 viriutncujusque,

400 3253 445 3308 ac
462 3228 763 3341 dispositione,
794 3235 882 3320 haec
901 3236 1074 3319 omnino
1093 3236 1155 3317 sic
1175 3259 1323 3341 tempe·

399 3369 489 3429 tare
505 3407 519 3450 ,
535 3372 579 3430 ut
599 3375 676 3430 nec
694 3350 871 3432 severius
891 3411 904 3455 ,
923 3377 1046 3454 quam
1066 3380 1136 3463 par
1154 3347 1229 3444 sit,
1247 3375 1323 3431 nec

399 3463 610 3547 remissius
629 3463 867 3572 exigantur3
897 3468 967 3548 sed
984 3467 1032 3548 ad
1046 3471 1242 3577 majorem
1259 3492 1325 3545 eo·

400 3603 492 3660 rum
510 3577 765 3690 profectum,
798 3583 1094 3690 solidarumque
1126 3581 1323 3664 virtutum

404 3691 659 3806 adeptionem
683 3695 847 3810 singula
862 3695 1121 3782 referantur.

626 3815 631 3869 t
778 3839 779 3844 Ν
1174 3841 1218 3929 3,
1238 3807 1323 3894 Ex,
