<?xml version="1.0" encoding="UTF-8"?>
<!DOCTYPE html PUBLIC "-//W3C//DTD XHTML 1.0 Transitional//EN"
    "http://www.w3.org/TR/xhtml1/DTD/xhtml1-transitional.dtd">
<html xmlns="http://www.w3.org/1999/xhtml" xml:lang="en" lang="en">
 <head>
  <title>
</title>
<meta http-equiv="Content-Type" content="text/html;charset=utf-8" />
  <meta name='ocr-system' content='tesseract 3.04.00' />
  <meta name='ocr-capabilities' content='ocr_page ocr_carea ocr_par ocr_line ocrx_word'/>
</head>
<body>
  <div class='ocr_page' id='page_1' title='image "./regulaesuperior00jesugoog_0048.png"; bbox 0 0 2716 4332; ppageno 0'>
   <div class='ocr_carea' id='block_1_1' title="bbox 405 223 1076 388">
    <p class='ocr_par' dir='ltr' id='par_1_1' title="bbox 405 223 1076 388">
     <span class='ocr_line' id='line_1_1' title="bbox 405 223 1076 388; baseline 0.004 -26"><span class='ocrx_word' id='word_1_1' title='bbox 405 299 464 385; x_wconf 63' lang='lat' dir='ltr'>n</span> <span class='ocrx_word' id='word_1_2' title='bbox 606 223 1076 388; x_wconf 3' lang='lat' dir='ltr'>iurounffi</span> 
     </span>
    </p>
   </div>
   <div class='ocr_carea' id='block_1_2' title="bbox 406 416 1346 878">
    <p class='ocr_par' dir='ltr' id='par_1_2' title="bbox 406 416 1346 645">
     <span class='ocr_line' id='line_1_2' title="bbox 406 416 1346 536; baseline 0.005 -31"><span class='ocrx_word' id='word_1_3' title='bbox 406 443 528 506; x_wconf 81' lang='lat' dir='ltr'>aunt.</span> <span class='ocrx_word' id='word_1_4' title='bbox 556 416 820 522; x_wconf 81' lang='lat' dir='ltr'>Etanaltqut</span> <span class='ocrx_word' id='word_1_5' title='bbox 836 417 1262 536; x_wconf 82' lang='lat' dir='ltr'>vtdeantur,fin1t1s</span> <span class='ocrx_word' id='word_1_6' title='bbox 1268 452 1346 510; x_wconf 91' lang='lat' dir='ltr'>am</span> 
     </span>
     <span class='ocr_line' id='line_1_3' title="bbox 406 531 1090 645; baseline -0.009 -21"><span class='ocrx_word' id='word_1_7' title='bbox 406 532 579 639; x_wconf 77' lang='lat' dir='ltr'>studiis,</span> <span class='ocrx_word' id='word_1_8' title='bbox 609 531 840 620; x_wconf 88' lang='lat' dir='ltr'>educendi</span> <span class='ocrx_word' id='word_1_9' title='bbox 823 563 846 616; x_wconf 89' lang='lat' dir='ltr'>e</span> <span class='ocrx_word' id='word_1_10' title='bbox 864 532 1090 645; x_wconf 79' lang='lat' dir='ltr'>collegiis.</span> 
     </span>
    </p>

    <p class='ocr_par' dir='ltr' id='par_1_3' title="bbox 406 650 1343 878">
     <span class='ocr_line' id='line_1_4' title="bbox 466 650 1343 764; baseline 0.008 -31"><span class='ocrx_word' id='word_1_11' title='bbox 466 679 510 764; x_wconf 63' lang='grc' dir='ltr'>Ἰ.</span> <span class='ocrx_word' id='word_1_12' title='bbox 539 651 609 734; x_wconf 87' lang='lat' dir='ltr'>An</span> <span class='ocrx_word' id='word_1_13' title='bbox 628 650 815 752; x_wconf 83' lang='lat' dir='ltr'>infirmi,</span> <span class='ocrx_word' id='word_1_14' title='bbox 844 651 1090 761; x_wconf 83' lang='lat' dir='ltr'>hospitalia,</span> <span class='ocrx_word' id='word_1_15' title='bbox 1119 679 1302 764; x_wconf 82' lang='lat' dir='ltr'><strong>carceres</strong></span> <span class='ocrx_word' id='word_1_16' title='bbox 1326 712 1343 757; x_wconf 85' lang='lat'>‚</span> 
     </span>
     <span class='ocr_line' id='line_1_5' title="bbox 406 767 1343 878; baseline 0.005 -24"><span class='ocrx_word' id='word_1_17' title='bbox 406 767 452 854; x_wconf 78' lang='grc' dir='ltr'>ἃ</span> <span class='ocrx_word' id='word_1_18' title='bbox 483 767 665 853; x_wconf 88' lang='lat' dir='ltr'>triremes</span> <span class='ocrx_word' id='word_1_19' title='bbox 681 774 706 869; x_wconf 91' lang='lat'>(</span> <span class='ocrx_word' id='word_1_20' title='bbox 722 768 983 878; x_wconf 83' lang='lat' dir='ltr'>ubiesaent)</span> <span class='ocrx_word' id='word_1_21' title='bbox 1009 767 1257 872; x_wconf 81' lang='lat' dir='ltr'>visitentur,</span> <span class='ocrx_word' id='word_1_22' title='bbox 1291 771 1343 859; x_wconf 76' lang='grc' dir='ltr'>ἃ</span> 
     </span>
    </p>
   </div>
   <div class='ocr_carea' id='block_1_3' title="bbox 278 883 912 996">
    <p class='ocr_par' dir='ltr' id='par_1_4' title="bbox 278 883 912 996">
     <span class='ocr_line' id='line_1_6' title="bbox 278 883 912 996; baseline -0.002 -27"><span class='ocrx_word' id='word_1_23' title='bbox 278 911 282 920; x_wconf 76' lang='grc'><em>’</em></span> <span class='ocrx_word' id='word_1_24' title='bbox 408 885 690 996; x_wconf 84' lang='lat' dir='ltr'>adjuventuta</span> <span class='ocrx_word' id='word_1_25' title='bbox 711 883 912 970; x_wconf 87' lang='lat' dir='ltr'>Nostris.</span> 
     </span>
    </p>
   </div>
   <div class='ocr_carea' id='block_1_4' title="bbox 306 998 1341 3440">
    <p class='ocr_par' dir='ltr' id='par_1_5' title="bbox 369 998 1341 1347">
     <span class='ocr_line' id='line_1_7' title="bbox 369 998 1341 1112; baseline 0.001 -25"><span class='ocrx_word' id='word_1_26' title='bbox 369 1055 373 1064; x_wconf 87' lang='lat'><em>·</em></span> <span class='ocrx_word' id='word_1_27' title='bbox 464 1003 508 1087; x_wconf 85' lang='lat'>8.</span> <span class='ocrx_word' id='word_1_28' title='bbox 537 999 968 1112; x_wconf 73' lang='lat' dir='ltr'>Batonibus-operibus</span> <span class='ocrx_word' id='word_1_29' title='bbox 984 998 1059 1108; x_wconf 86' lang='lat' dir='ltr'>piis</span> <span class='ocrx_word' id='word_1_30' title='bbox 1077 1060 1092 1105; x_wconf 91' lang='lat'>‚</span> <span class='ocrx_word' id='word_1_31' title='bbox 1112 1005 1223 1112; x_wconf 83' lang='lat' dir='ltr'>juxta</span> <span class='ocrx_word' id='word_1_32' title='bbox 1247 1032 1341 1088; x_wconf 89' lang='lat' dir='ltr'>no·-</span> 
     </span>
     <span class='ocr_line' id='line_1_8' title="bbox 408 1114 1340 1231; baseline 0.001 -29"><span class='ocrx_word' id='word_1_33' title='bbox 408 1116 828 1224; x_wconf 81' lang='lat' dir='ltr'>struminstitutum‚</span> <span class='ocrx_word' id='word_1_34' title='bbox 860 1118 990 1224; x_wconf 86' lang='lat' dir='ltr'>major</span> <span class='ocrx_word' id='word_1_35' title='bbox 1020 1114 1173 1203; x_wconf 86' lang='lat' dir='ltr'>fructus</span> <span class='ocrx_word' id='word_1_36' title='bbox 1201 1121 1340 1231; x_wconf 83' lang='lat' dir='ltr'>perci·</span> 
     </span>
     <span class='ocr_line' id='line_1_9' title="bbox 404 1233 574 1347; baseline -0.007 -30"><span class='ocrx_word' id='word_1_37' title='bbox 404 1233 574 1347; x_wconf 85' lang='lat' dir='ltr'>piatur.</span> 
     </span>
    </p>

    <p class='ocr_par' dir='ltr' id='par_1_6' title="bbox 398 1343 1338 1806">
     <span class='ocr_line' id='line_1_10' title="bbox 461 1343 1332 1458; baseline -0.002 -24"><span class='ocrx_word' id='word_1_38' title='bbox 461 1374 503 1458; x_wconf 92' lang='lat'>9.</span> <span class='ocrx_word' id='word_1_39' title='bbox 534 1346 598 1435; x_wconf 90' lang='lat' dir='ltr'>De</span> <span class='ocrx_word' id='word_1_40' title='bbox 615 1379 707 1436; x_wconf 88' lang='lat' dir='ltr'>cura</span> <span class='ocrx_word' id='word_1_41' title='bbox 739 1350 784 1434; x_wconf 90' lang='lat' dir='ltr'>in</span> <span class='ocrx_word' id='word_1_42' title='bbox 812 1345 1015 1431; x_wconf 79' lang='lat' dir='ltr'>tradendis</span> <span class='ocrx_word' id='word_1_43' title='bbox 1035 1343 1332 1457; x_wconf 75' lang='lat' dir='ltr'>spiritualibus</span> 
     </span>
     <span class='ocr_line' id='line_1_11' title="bbox 402 1463 1338 1574; baseline -0.001 -24"><span class='ocrx_word' id='word_1_44' title='bbox 402 1463 648 1568; x_wconf 83' lang='lat' dir='ltr'>Exercitiis‚</span> <span class='ocrx_word' id='word_1_45' title='bbox 678 1467 722 1553; x_wconf 72' lang='grc' dir='ltr'>ἃ</span> <span class='ocrx_word' id='word_1_46' title='bbox 737 1493 857 1574; x_wconf 86' lang='lat' dir='ltr'>quam</span> <span class='ocrx_word' id='word_1_47' title='bbox 874 1487 1010 1551; x_wconf 79' lang='lat' dir='ltr'>exacte</span> <span class='ocrx_word' id='word_1_48' title='bbox 1025 1463 1095 1547; x_wconf 81' lang='lat' dir='ltr'>illa</span> <span class='ocrx_word' id='word_1_49' title='bbox 1110 1463 1241 1550; x_wconf 85' lang='lat' dir='ltr'>fiant.</span> <span class='ocrx_word' id='word_1_50' title='bbox 1274 1465 1338 1549; x_wconf 90' lang='lat' dir='ltr'>Et</span> 
     </span>
     <span class='ocr_line' id='line_1_12' title="bbox 400 1579 1332 1692; baseline 0.002 -27"><span class='ocrx_word' id='word_1_51' title='bbox 400 1581 451 1665; x_wconf 87' lang='lat' dir='ltr'>de</span> <span class='ocrx_word' id='word_1_52' title='bbox 476 1583 717 1690; x_wconf 81' lang='lat' dir='ltr'>vigilantia</span> <span class='ocrx_word' id='word_1_53' title='bbox 705 1615 752 1669; x_wconf 80' lang='lat' dir='ltr'>tn</span> <span class='ocrx_word' id='word_1_54' title='bbox 770 1605 1013 1692; x_wconf 85' lang='lat' dir='ltr'>puerorum,</span> <span class='ocrx_word' id='word_1_55' title='bbox 1040 1607 1083 1662; x_wconf 87' lang='lat' dir='ltr'>ae</span> <span class='ocrx_word' id='word_1_56' title='bbox 1100 1579 1292 1666; x_wconf 81' lang='lat' dir='ltr'>rudium</span> <span class='ocrx_word' id='word_1_57' title='bbox 1282 1613 1332 1667; x_wconf 83' lang='lat' dir='ltr'>tn</span> 
     </span>
     <span class='ocr_line' id='line_1_13' title="bbox 398 1695 1152 1806; baseline -0.008 -19"><span class='ocrx_word' id='word_1_58' title='bbox 398 1696 599 1787; x_wconf 82' lang='lat' dir='ltr'>Doctrina</span> <span class='ocrx_word' id='word_1_59' title='bbox 613 1697 844 1789; x_wconf 85' lang='lat' dir='ltr'>Christiana</span> <span class='ocrx_word' id='word_1_60' title='bbox 861 1695 1152 1806; x_wconf 83' lang='lat' dir='ltr'>Institutione.</span> 
     </span>
    </p>

    <p class='ocr_par' dir='ltr' id='par_1_7' title="bbox 396 1810 1332 2020">
     <span class='ocr_line' id='line_1_14' title="bbox 462 1810 1332 1924; baseline -0.009 -18"><span class='ocrx_word' id='word_1_61' title='bbox 462 1846 529 1906; x_wconf 85' lang='lat' dir='ltr'>to.</span> <span class='ocrx_word' id='word_1_62' title='bbox 559 1813 625 1900; x_wconf 86' lang='lat' dir='ltr'>De</span> <span class='ocrx_word' id='word_1_63' title='bbox 643 1817 766 1902; x_wconf 90' lang='lat' dir='ltr'>modo</span> <span class='ocrx_word' id='word_1_64' title='bbox 787 1810 1056 1906; x_wconf 87' lang='lat' dir='ltr'>conversandi</span> <span class='ocrx_word' id='word_1_65' title='bbox 1071 1817 1180 1924; x_wconf 80' lang='lat' dir='ltr'>juxta</span> <span class='ocrx_word' id='word_1_66' title='bbox 1195 1812 1332 1898; x_wconf 90' lang='lat' dir='ltr'>ratio-</span> 
     </span>
     <span class='ocr_line' id='line_1_15' title="bbox 396 1927 1134 2039; baseline -0.007 -20"><span class='ocrx_word' id='word_1_67' title='bbox 396 1961 528 2039; x_wconf 88' lang='lat' dir='ltr'>nem,</span> <span class='ocrx_word' id='word_1_68' title='bbox 558 1933 603 2020; x_wconf 71' lang='lat' dir='ltr'>a</span> <span class='ocrx_word' id='word_1_69' title='bbox 618 1932 746 2018; x_wconf 87' lang='lat' dir='ltr'>finem</span> <span class='ocrx_word' id='word_1_70' title='bbox 764 1929 896 2018; x_wconf 85' lang='lat' dir='ltr'>nostri</span> <span class='ocrx_word' id='word_1_71' title='bbox 914 1927 1101 2014; x_wconf 81' lang='lat' dir='ltr'>instituti</span> <span class='ocrx_word' id='word_1_72' title='bbox 1122 1991 1134 2014; x_wconf 89' lang='lat'>.</span> 
     </span>
    </p>

    <p class='ocr_par' dir='ltr' id='par_1_8' title="bbox 395 2041 1331 2368">
     <span class='ocr_line' id='line_1_16' title="bbox 458 2041 1331 2154; baseline -0.003 -23"><span class='ocrx_word' id='word_1_73' title='bbox 458 2077 527 2140; x_wconf 83' lang='grc' dir='ltr'>ιι.</span> <span class='ocrx_word' id='word_1_74' title='bbox 554 2047 620 2136; x_wconf 88' lang='lat' dir='ltr'>De</span> <span class='ocrx_word' id='word_1_75' title='bbox 637 2046 913 2137; x_wconf 86' lang='lat' dir='ltr'>Missionibus</span> <span class='ocrx_word' id='word_1_76' title='bbox 939 2041 984 2128; x_wconf 69' lang='lat'>81</span> <span class='ocrx_word' id='word_1_77' title='bbox 1000 2071 1140 2128; x_wconf 83' lang='lat' dir='ltr'>earum</span> <span class='ocrx_word' id='word_1_78' title='bbox 1158 2042 1292 2130; x_wconf 87' lang='lat' dir='ltr'>fructu</span> <span class='ocrx_word' id='word_1_79' title='bbox 1313 2105 1331 2154; x_wconf 91' lang='lat'><strong>,</strong></span> 
     </span>
     <span class='ocr_line' id='line_1_17' title="bbox 395 2159 1331 2314; baseline -0.002 -64"><span class='ocrx_word' id='word_1_80' title='bbox 395 2159 441 2250; x_wconf 79' lang='grc' dir='ltr'>ἃ</span> <span class='ocrx_word' id='word_1_81' title='bbox 457 2165 581 2252; x_wconf 88' lang='lat' dir='ltr'>modo</span> <span class='ocrx_word' id='word_1_82' title='bbox 598 2162 843 2282; x_wconf 78' lang='lat' dir='ltr'>procedendi</span> <span class='ocrx_word' id='word_1_83' title='bbox 859 2191 1036 2264; x_wconf 86' lang='lat' dir='ltr'>eorum,</span> <span class='ocrx_word' id='word_1_84' title='bbox 1065 2160 1133 2270; x_wconf 81' lang='lat' dir='ltr'>qui</span> <span class='ocrx_word' id='word_1_85' title='bbox 1147 2161 1331 2314; x_wconf 81' lang='lat' dir='ltr'>rnittun·</span> 
     </span>
     <span class='ocr_line' id='line_1_18' title="bbox 398 2302 496 2368; baseline 0.085 -6"><span class='ocrx_word' id='word_1_86' title='bbox 398 2302 496 2368; x_wconf 90' lang='lat' dir='ltr'>tur.</span> 
     </span>
    </p>

    <p class='ocr_par' dir='ltr' id='par_1_9' title="bbox 459 2393 1327 2508">
     <span class='ocr_line' id='line_1_19' title="bbox 459 2393 1327 2508; baseline -0.001 -28"><span class='ocrx_word' id='word_1_87' title='bbox 459 2420 530 2483; x_wconf 83' lang='lat'>12.</span> <span class='ocrx_word' id='word_1_88' title='bbox 563 2395 634 2484; x_wconf 89' lang='lat' dir='ltr'>An</span> <span class='ocrx_word' id='word_1_89' title='bbox 650 2395 771 2506; x_wconf 80' lang='lat' dir='ltr'>aliqui</span> <span class='ocrx_word' id='word_1_90' title='bbox 785 2419 985 2508; x_wconf 83' lang='lat' dir='ltr'>praetextu</span> <span class='ocrx_word' id='word_1_91' title='bbox 998 2393 1274 2480; x_wconf 89' lang='lat' dir='ltr'>valetudinis</span> <span class='ocrx_word' id='word_1_92' title='bbox 1263 2425 1327 2505; x_wconf 66' lang='lat' dir='ltr'>ju-</span> 
     </span>
    </p>

    <p class='ocr_par' dir='ltr' id='par_1_10' title="bbox 306 2510 1327 2853">
     <span class='ocr_line' id='line_1_20' title="bbox 306 2510 1327 2624; baseline 0 -28"><span class='ocrx_word' id='word_1_93' title='bbox 306 2591 309 2596; x_wconf 85' lang='lat'>.</span> <span class='ocrx_word' id='word_1_94' title='bbox 394 2510 580 2600; x_wconf 82' lang='lat' dir='ltr'>vandaea</span> <span class='ocrx_word' id='word_1_95' title='bbox 597 2513 759 2624; x_wconf 81' lang='lat' dir='ltr'>spiritua</span> <span class='ocrx_word' id='word_1_96' title='bbox 773 2511 1016 2624; x_wconf 74' lang='lat' dir='ltr'>perfectione</span> <span class='ocrx_word' id='word_1_97' title='bbox 1041 2511 1290 2620; x_wconf 82' lang='lat' dir='ltr'>degenerent</span> <span class='ocrx_word' id='word_1_98' title='bbox 1308 2565 1327 2613; x_wconf 92' lang='lat'><strong><em>‚</em></strong></span> 
     </span>
     <span class='ocr_line' id='line_1_21' title="bbox 391 2621 1322 2738; baseline -0.006 -20"><span class='ocrx_word' id='word_1_99' title='bbox 391 2621 438 2718; x_wconf 76' lang='grc' dir='ltr'>ἃ</span> <span class='ocrx_word' id='word_1_100' title='bbox 454 2628 697 2719; x_wconf 83' lang='lat' dir='ltr'>alabotibus</span> <span class='ocrx_word' id='word_1_101' title='bbox 714 2657 848 2716; x_wconf 73' lang='lat' dir='ltr'>nostri</span> <span class='ocrx_word' id='word_1_102' title='bbox 837 2629 1043 2716; x_wconf 83' lang='lat' dir='ltr'>instituti</span> <span class='ocrx_word' id='word_1_103' title='bbox 1059 2628 1322 2738; x_wconf 81' lang='lat' dir='ltr'>abhorreant,</span> 
     </span>
     <span class='ocr_line' id='line_1_22' title="bbox 393 2746 953 2856; baseline 0.009 -29"><span class='ocrx_word' id='word_1_104' title='bbox 393 2765 512 2850; x_wconf 85' lang='lat' dir='ltr'>atque</span> <span class='ocrx_word' id='word_1_105' title='bbox 529 2748 578 2830; x_wconf 87' lang='lat' dir='ltr'>ad</span> <span class='ocrx_word' id='word_1_106' title='bbox 595 2746 724 2832; x_wconf 88' lang='lat' dir='ltr'>otium</span> <span class='ocrx_word' id='word_1_107' title='bbox 742 2747 953 2856; x_wconf 83' lang='lat' dir='ltr'>aspirent.</span> 
     </span>
    </p>

    <p class='ocr_par' dir='ltr' id='par_1_11' title="bbox 392 2860 1322 3182">
     <span class='ocr_line' id='line_1_23' title="bbox 444 2860 1322 2992; baseline 0.007 -48.078"><span class='ocrx_word' id='word_1_108' title='bbox 444 2888 523 2992; x_wconf 85' lang='lat'>31.</span> <span class='ocrx_word' id='word_1_109' title='bbox 550 2863 622 2948; x_wconf 90' lang='lat' dir='ltr'>An</span> <span class='ocrx_word' id='word_1_110' title='bbox 638 2887 733 2972; x_wconf 80' lang='lat' dir='ltr'>erga</span> <span class='ocrx_word' id='word_1_111' title='bbox 752 2863 930 2948; x_wconf 84' lang='lat' dir='ltr'>Nostros</span> <span class='ocrx_word' id='word_1_112' title='bbox 953 2860 1167 2962; x_wconf 88' lang='lat' dir='ltr'>infirmos,</span> <span class='ocrx_word' id='word_1_113' title='bbox 1184 2861 1229 2948; x_wconf 68' lang='grc' dir='ltr'>ἃ</span> <span class='ocrx_word' id='word_1_114' title='bbox 1242 2865 1322 2950; x_wconf 92' lang='lat' dir='ltr'>ho·</span> 
     </span>
     <span class='ocr_line' id='line_1_24' title="bbox 392 2974 1322 3086; baseline 0.013 -30"><span class='ocrx_word' id='word_1_115' title='bbox 392 2974 518 3084; x_wconf 81' lang='lat' dir='ltr'>spires</span> <span class='ocrx_word' id='word_1_116' title='bbox 541 2975 674 3063; x_wconf 88' lang='lat' dir='ltr'>debita</span> <span class='ocrx_word' id='word_1_117' title='bbox 704 2979 914 3065; x_wconf 85' lang='lat' dir='ltr'>Societatis</span> <span class='ocrx_word' id='word_1_118' title='bbox 939 2978 1116 3086; x_wconf 72' lang='lat' dir='ltr'>ciritae,</span> <span class='ocrx_word' id='word_1_119' title='bbox 1148 2977 1192 3065; x_wconf 71' lang='grc' dir='ltr'>ἃ</span> <span class='ocrx_word' id='word_1_120' title='bbox 1225 3010 1322 3069; x_wconf 87' lang='lat' dir='ltr'>cura</span> 
     </span>
     <span class='ocr_line' id='line_1_25' title="bbox 394 3117 650 3182; baseline 0.022 -10"><span class='ocrx_word' id='word_1_121' title='bbox 394 3117 650 3182; x_wconf 80' lang='lat' dir='ltr'>exerceatur.</span> 
     </span>
    </p>

    <p class='ocr_par' dir='ltr' id='par_1_12' title="bbox 394 3206 1320 3440">
     <span class='ocr_line' id='line_1_26' title="bbox 454 3206 1320 3342; baseline 0.002 -46.007"><span class='ocrx_word' id='word_1_122' title='bbox 454 3206 1320 3342; x_wconf 62' lang='lat' dir='ltr'>34.Analtquaamb1t10n1s‚&amp;propne</span> 
     </span>
     <span class='ocr_line' id='line_1_27' title="bbox 394 3318 1134 3440; baseline 0.015 -34"><span class='ocrx_word' id='word_1_123' title='bbox 394 3323 489 3408; x_wconf 83' lang='lat' dir='ltr'>tatis</span> <span class='ocrx_word' id='word_1_124' title='bbox 508 3318 719 3413; x_wconf 83' lang='lat' dir='ltr'>indiciam</span> <span class='ocrx_word' id='word_1_125' title='bbox 736 3328 871 3436; x_wconf 88' lang='lat' dir='ltr'>aliquo</span> <span class='ocrx_word' id='word_1_126' title='bbox 888 3351 1134 3440; x_wconf 85' lang='lat' dir='ltr'>appareant.</span> 
     </span>
    </p>
   </div>
   <div class='ocr_carea' id='block_1_5' title="bbox 392 3444 1323 3652">
    <p class='ocr_par' dir='ltr' id='par_1_13' title="bbox 392 3444 1323 3652">
     <span class='ocr_line' id='line_1_28' title="bbox 456 3444 1323 3566; baseline 0.004 -36"><span class='ocrx_word' id='word_1_127' title='bbox 456 3469 473 3530; x_wconf 86' lang='lat' dir='ltr'>r</span> <span class='ocrx_word' id='word_1_128' title='bbox 481 3470 522 3555; x_wconf 81' lang='lat'>5</span> <span class='ocrx_word' id='word_1_129' title='bbox 553 3444 661 3552; x_wconf 84' lang='lat' dir='ltr'>Quae</span> <span class='ocrx_word' id='word_1_130' title='bbox 676 3444 956 3561; x_wconf 80' lang='lat' dir='ltr'>eleemosynae</span> <span class='ocrx_word' id='word_1_131' title='bbox 972 3452 1153 3539; x_wconf 79' lang='lat' dir='ltr'>externis</span> <span class='ocrx_word' id='word_1_132' title='bbox 1168 3473 1323 3566; x_wconf 85' lang='lat' dir='ltr'>paupe</span> 
     </span>
     <span class='ocr_line' id='line_1_29' title="bbox 392 3551 696 3652; baseline 0.04 -13"><span class='ocrx_word' id='word_1_133' title='bbox 392 3551 506 3642; x_wconf 79' lang='lat' dir='ltr'>ribus</span> <span class='ocrx_word' id='word_1_134' title='bbox 522 3560 696 3652; x_wconf 88' lang='lat' dir='ltr'>dentur.</span> 
     </span>
    </p>
   </div>
   <div class='ocr_carea' id='block_1_6' title="bbox 1209 3919 1321 4008">
    <p class='ocr_par' dir='ltr' id='par_1_14' title="bbox 1209 3919 1321 4008">
     <span class='ocr_line' id='line_1_30' title="bbox 1209 3919 1321 4008; baseline 0.054 -7"><span class='ocrx_word' id='word_1_135' title='bbox 1209 3919 1321 4008; x_wconf 85' lang='lat' dir='ltr'>Ouoe</span> 
     </span>
    </p>
   </div>
   <div class='ocr_carea' id='block_1_7' title="bbox 0 0 1362 4332">
    <p class='ocr_par' dir='ltr' id='par_1_15' title="bbox 0 0 1362 4332">
     <span class='ocr_line' id='line_1_31' title="bbox 0 0 1362 4332; baseline 0 2"><span class='ocrx_word' id='word_1_136' title='bbox 0 0 1362 4332; x_wconf 95' lang='lat' dir='ltr'> </span> 
     </span>
    </p>
   </div>
  </div>
 </body>
</html>
