2750 4332
172 669 221 732 oe
243 659 405 728 formulas

177 747 353 810 absolvendi
387 759 403 801 a

146 888 155 904 ,
174 833 326 900 censuris,
344 827 400 886 &c-

417 177 474 272 34
629 137 1140 234 INSTRUGTIO

416 288 598 378 cerdotes
611 283 726 369 statis
744 282 886 372 diebus
901 287 1142 392 certishoris
1160 288 1204 376 in
1216 173 1357 396 Tomi

416 413 486 524 plo
515 403 750 504 resideant,
778 429 826 488 ut
856 403 922 510 qui
950 403 1136 492 confiteri
1171 409 1333 492 volunt

416 528 468 613 ad
488 549 657 612 manum
672 515 851 606 habeant
869 517 1209 608 Confessarium‘.
1347 463 1358 574 i

480 666 549 756 14.
581 635 849 747 Quaesierunt
876 640 1110 742 nonnulli,
1156 664 1241 746 qua
1278 635 1358 726 for·

417 757 527 846 mula
559 751 755 864 utendum
783 780 894 842 esset
917 756 1071 840 nostris
1109 755 1154 840 in
1187 748 1359 840 absolul

416 901 531 962 tione
576 870 625 954 ab
664 868 1141 973 Excommunicatione‚
1186 867 1235 956 8<
1272 874 1359 957 aliis

417 986 642 1090 Gensuris,
671 1011 763 1070 cum
800 1013 869 1074 10.
898 987 1060 1098 Regula
1091 987 1360 1082 Sacerdotunu

347 1116 350 1128 '
415 1102 609 1195 omnibus
650 1101 836 1190 eamdem
865 1104 1130 1216 praescribat.
1160 1103 1360 1218 Respon.

414 1224 574 1325 dimus,
610 1220 656 1306 in
701 1215 790 1307 foro
840 1220 1007 1331 quidem
1042 1221 1322 1312 conscientiae
1344 1283 1361 1334 ,Ν

413 1340 521 1452 quod
550 1338 742 1444 frequens
774 1366 875 1437 est,
904 1335 1103 1423 utendum
1132 1337 1357 1442 formulis,

328 1501 361 1561 ·.
413 1465 513 1568 quae
545 1453 749 1540 habentur
777 1457 822 1542 in
851 1453 1082 1542 Directorio
1120 1451 1168 1540 P.
1181 1453 1356 1544 Polanoi

106 2243 120 2272 ‘s
192 2192 242 2256 Ad
261 2193 355 2256 otluro
370 2194 403 2249 in

172 2276 270 2356 petris
301 2271 397 2334 Colle·

172 2353 408 2441 giisu'trndum·

413 1574 494 1689 piae
517 1571 777 1658 memoriae.
812 1570 900 1656 Setl‘
925 1572 972 1659 in
1005 1569 1095 1657 foro
1132 1573 1362 1676 exteriori,

414 1687 524 1798 quod
565 1689 772 1774 rarissime
799 1689 1002 1796 eveniet,
1043 1687 1078 1771 si
1110 1711 1164 1775 err
1191 1689 1359 1800 delega-

417 1807 532 1892 tione
563 1808 832 1893 Praelarorum
864 1800 1082 1912 aliquando
1111 1805 1359 1917 contingere

416 1947 639 2034 sequantur
653 1921 880 2014 *formulam
904 1924 949 2010 in
964 1949 1015 2008 eo
1026 1919 1279 2038 Episcopatu
1293 1952 1355 2011 re-

416 2065 572 2154 ceptam
590 2073 629 2128 .‘

479 2185 550 2272 15.
583 2155 650 2242 Ad
666 2155 798 2247 otium
815 2177 952 2239 autem
965 2151 1177 2242 vitandum
1191 2157 1270 2261 ,ἃ
1289 2185 1352 2243 oc-

418 2269 661 2358 'curtendum
690 2271 958 2382 quorumdam
972 2269 1226 2359 Nosrrorum
1251 2301 1352 2382 que-

416 2390 643 2500 rimoniis,
674 2389 927 2488 dicentium,
961 2385 1006 2472 in
1039 2392 1178 2499 parvis
1211 2391 1351 2500 aliqui·

397 2508 494 2616 'bus
522 2503 718 2619 Collegiis
748 2535 838 2594 non
869 2503 967 2588 satis
1000 2531 1093 2590 esse
1115 2511 1351 2619 'occupatio-

371 2691 374 2696 a
417 2653 522 2713 num
537 2654 553 2728 ς
568 2622 746 2732 quamvis
763 2622 865 2710 nihil
884 2649 984 2734 opus
1003 2620 1055 2706 sit
1071 2647 1267 2735 statuere,
1285 2651 1350 2711 aut

417 2743 607 2828 ordinare
625 2795 643 2848 ,
670 2769 762 2825 cum
780 2768 832 2828 ex
843 2737 1014 2848 Regulis
1033 2797 1049 2845 ‚
1067 2739 1111 2826 ἃ
1127 2739 1349 2828 Constitu-

416 2859 601 2945 tionibus
613 2913 630 2964 ,
662 2855 706 2944 ἃ
731 2856 913 2944 formula
924 2853 1110 2943 Instituti
1128 2860 1229 2945 satis
1248 2887 1351 2945 con-

421 3003 534 3078 stet,
578 3005 667 3062 non
698 2976 842 3060 deesse
872 2970 1079 3087 plurima,
1122 2975 1167 3062 in
1205 2977 1350 3088 quibus

422 3096 537 3205 juxta
552 3093 724 3204 gratiam
739 3117 898 3181 nostrae
915 3090 1144 3177 vocationis
1160 3093 1348 3206 occupari

418 3207 639 3295 debeamus
658 3239 674 3313 ;
694 3235 852 3317 tamen,
869 3220 915 3294 ut
930 3204 970 3288 id
982 3209 1221 3320 Superiores
1239 3208 1350 3319 quasi

420 3327 708 3438 compendium
742 3351 826 3438 prae
860 3323 988 3409 oculis
1019 3325 1228 3432 habeant,
1258 3357 1348 3414 non

420 3447 500 3529 erit
527 3443 703 3547 inutile,
733 3443 768 3526 si
800 3471 890 3549 quae
925 3439 1049 3526 nobis
1083 3471 1106 3524 a
1132 3439 1350 3529 Provincia

424 3557 615 3647 Romana
645 3589 757 3646 anno
790 3583 919 3676 1590.
952 3557 1159 3671 proposita
1206 3557 1348 3659 fuere,

1241 3701 1346 3782 quo-
