<?xml version="1.0" encoding="UTF-8"?>
<!DOCTYPE html PUBLIC "-//W3C//DTD XHTML 1.0 Transitional//EN"
    "http://www.w3.org/TR/xhtml1/DTD/xhtml1-transitional.dtd">
<html xmlns="http://www.w3.org/1999/xhtml" xml:lang="en" lang="en">
 <head>
  <title>
</title>
<meta http-equiv="Content-Type" content="text/html;charset=utf-8" />
  <meta name='ocr-system' content='tesseract 3.04.00' />
  <meta name='ocr-capabilities' content='ocr_page ocr_carea ocr_par ocr_line ocrx_word'/>
</head>
<body>
  <div class='ocr_page' id='page_1' title='image "./regulaesuperior00jesugoog_0211.png"; bbox 0 0 2750 4332; ppageno 0'>
   <div class='ocr_carea' id='block_1_1' title="bbox 18 337 1101 2508">
    <p class='ocr_par' dir='ltr' id='par_1_1' title="bbox 18 337 1101 2508">
     <span class='ocr_line' id='line_1_1' title="bbox 65 337 593 416; baseline 0.013 -6"><span class='ocrx_word' id='word_1_1' title='bbox 65 337 158 410; x_wconf 81' lang='lat' dir='ltr'><strong>CAP.</strong></span> <span class='ocrx_word' id='word_1_2' title='bbox 185 337 279 414; x_wconf 75' lang='lat' dir='ltr'><em>xlv,</em></span> <span class='ocrx_word' id='word_1_3' title='bbox 301 349 349 412; x_wconf 87' lang='lat' dir='ltr'><em>Ite</em></span> <span class='ocrx_word' id='word_1_4' title='bbox 368 343 593 416; x_wconf 80' lang='lat' dir='ltr'><em>Visitatiotte.</em></span> 
     </span>
     <span class='ocr_line' id='line_1_2' title="bbox 63 439 1060 544; baseline 0.008 -37"><span class='ocrx_word' id='word_1_5' title='bbox 63 439 159 510; x_wconf 75' lang='lat' dir='ltr'><em>cAt’.</em></span> <span class='ocrx_word' id='word_1_6' title='bbox 183 439 254 510; x_wconf 81' lang='lat' dir='ltr'><em>XV.</em></span> <span class='ocrx_word' id='word_1_7' title='bbox 282 447 455 514; x_wconf 79' lang='lat' dir='ltr'><em>instructio</em></span> <span class='ocrx_word' id='word_1_8' title='bbox 480 445 518 516; x_wconf 88' lang='lat' dir='ltr'><em>de</em></span> <span class='ocrx_word' id='word_1_9' title='bbox 543 445 620 526; x_wconf 86' lang='lat' dir='ltr'><em>iis,</em></span> <span class='ocrx_word' id='word_1_10' title='bbox 654 467 723 544; x_wconf 82' lang='lat' dir='ltr'><em>que</em></span> <span class='ocrx_word' id='word_1_11' title='bbox 751 445 786 518; x_wconf 90' lang='lat' dir='ltr'><em>in</em></span> <span class='ocrx_word' id='word_1_12' title='bbox 816 445 1005 519; x_wconf 82' lang='lat' dir='ltr'><em>Visitatioue</em></span> <span class='ocrx_word' id='word_1_13' title='bbox 1052 513 1060 536; x_wconf 68' lang='grc'><em>,</em></span> 
     </span>
     <span class='ocr_line' id='line_1_3' title="bbox 149 542 1100 638; baseline 0.011 -35"><span class='ocrx_word' id='word_1_14' title='bbox 149 542 373 632; x_wconf 79' lang='lat' dir='ltr'><em>interroganda</em></span> <span class='ocrx_word' id='word_1_15' title='bbox 399 556 494 612; x_wconf 90' lang='lat' dir='ltr'><em>sunt.</em></span> <span class='ocrx_word' id='word_1_16' title='bbox 526 627 528 633; x_wconf 15' lang='lat' dir='ltr'><em>A</em></span> <span class='ocrx_word' id='word_1_17' title='bbox 1055 562 1100 638; x_wconf 86' lang='lat'><em>41</em></span> 
     </span>
     <span class='ocr_line' id='line_1_4' title="bbox 101 633 1005 738; baseline 0.009 -36"><span class='ocrx_word' id='word_1_18' title='bbox 101 639 183 724; x_wconf 60' lang='lat' dir='ltr'><em>Qua</em></span> <span class='ocrx_word' id='word_1_19' title='bbox 211 639 256 708; x_wconf 87' lang='lat' dir='ltr'><em>od</em></span> <span class='ocrx_word' id='word_1_20' title='bbox 283 633 552 712; x_wconf 85' lang='lat' dir='ltr'><em>Gubernatiottem</em></span> <span class='ocrx_word' id='word_1_21' title='bbox 575 645 764 738; x_wconf 81' lang='lat' dir='ltr'><em>pertinent,</em></span> <span class='ocrx_word' id='word_1_22' title='bbox 789 643 1005 738; x_wconf 85' lang='lat' dir='ltr'><em>aSupcriori·</em></span> 
     </span>
     <span class='ocr_line' id='line_1_5' title="bbox 148 729 1062 839; baseline 0.009 -37"><span class='ocrx_word' id='word_1_23' title='bbox 148 729 230 808; x_wconf 84' lang='lat' dir='ltr'><em>bus,</em></span> <span class='ocrx_word' id='word_1_24' title='bbox 256 747 301 808; x_wconf 77' lang='lat' dir='ltr'><em>ct·</em></span> <span class='ocrx_word' id='word_1_25' title='bbox 319 735 583 816; x_wconf 73' lang='lat' dir='ltr'><em>consultoribus,</em></span> <span class='ocrx_word' id='word_1_26' title='bbox 617 753 660 816; x_wconf 76' lang='lat' dir='ltr'><em>(r</em></span> <span class='ocrx_word' id='word_1_27' title='bbox 682 741 783 820; x_wconf 83' lang='lat' dir='ltr'><em>aliis,</em></span> <span class='ocrx_word' id='word_1_28' title='bbox 807 742 925 839; x_wconf 76' lang='lat' dir='ltr'><em>quibus</em></span> <span class='ocrx_word' id='word_1_29' title='bbox 950 743 1005 810; x_wconf 84' lang='lat' dir='ltr'><em>vi·</em></span> <span class='ocrx_word' id='word_1_30' title='bbox 1061 737 1062 745; x_wconf 61' lang='lat'><em>&#39;</em></span> 
     </span>
     <span class='ocr_line' id='line_1_6' title="bbox 146 830 1101 929; baseline 0.003 -26"><span class='ocrx_word' id='word_1_31' title='bbox 146 830 302 921; x_wconf 86' lang='lat' dir='ltr'><em>debitur,</em></span> <span class='ocrx_word' id='word_1_32' title='bbox 324 839 489 929; x_wconf 83' lang='lat' dir='ltr'><em>peteuda.</em></span> <span class='ocrx_word' id='word_1_33' title='bbox 877 854 884 865; x_wconf 81' lang='grc'><em>“</em></span> <span class='ocrx_word' id='word_1_34' title='bbox 1017 833 1101 906; x_wconf 83' lang='lat' dir='ltr'><em>ibid.</em></span> 
     </span>
     <span class='ocr_line' id='line_1_7' title="bbox 100 927 1097 1030; baseline 0.011 -30"><span class='ocrx_word' id='word_1_35' title='bbox 100 932 179 1012; x_wconf 63' lang='lat' dir='ltr'><em>Quo</em></span> <span class='ocrx_word' id='word_1_36' title='bbox 207 927 249 1003; x_wconf 83' lang='lat' dir='ltr'><em>ab</em></span> <span class='ocrx_word' id='word_1_37' title='bbox 279 930 424 1002; x_wconf 87' lang='lat' dir='ltr'><em>omnibus</em></span> <span class='ocrx_word' id='word_1_38' title='bbox 444 935 516 1028; x_wconf 78' lang='lat' dir='ltr'><em>poti</em></span> <span class='ocrx_word' id='word_1_39' title='bbox 540 947 692 1030; x_wconf 82' lang='lat' dir='ltr'><em>possunt.</em></span> <span class='ocrx_word' id='word_1_40' title='bbox 1053 956 1097 1027; x_wconf 80' lang='lat'><em>43</em></span> 
     </span>
     <span class='ocr_line' id='line_1_8' title="bbox 99 1028 575 1104; baseline 0.013 -6"><span class='ocrx_word' id='word_1_41' title='bbox 99 1032 157 1098; x_wconf 85' lang='lat' dir='ltr'><em>Pro</em></span> <span class='ocrx_word' id='word_1_42' title='bbox 181 1028 387 1100; x_wconf 74' lang='lat' dir='ltr'><em>Scholasticis</em></span> <span class='ocrx_word' id='word_1_43' title='bbox 413 1034 575 1104; x_wconf 81' lang='lat' dir='ltr'><em>addatur.</em></span> 
     </span>
     <span class='ocr_line' id='line_1_9' title="bbox 99 1127 824 1222; baseline 0.012 -26"><span class='ocrx_word' id='word_1_44' title='bbox 99 1129 156 1196; x_wconf 82' lang='lat' dir='ltr'><em>Pro</em></span> <span class='ocrx_word' id='word_1_45' title='bbox 180 1127 245 1207; x_wconf 89' lang='lat' dir='ltr'><em>iis,</em></span> <span class='ocrx_word' id='word_1_46' title='bbox 270 1129 328 1222; x_wconf 83' lang='lat' dir='ltr'><em>qui</em></span> <span class='ocrx_word' id='word_1_47' title='bbox 356 1129 389 1197; x_wconf 86' lang='lat' dir='ltr'><em>iu</em></span> <span class='ocrx_word' id='word_1_48' title='bbox 415 1127 607 1202; x_wconf 68' lang='lat' dir='ltr'><em>turbatione</em></span> <span class='ocrx_word' id='word_1_49' title='bbox 632 1149 824 1204; x_wconf 75' lang='lat' dir='ltr'><em>versantur.</em></span> 
     </span>
     <span class='ocr_line' id='line_1_10' title="bbox 98 1224 827 1322; baseline 0.003 -24"><span class='ocrx_word' id='word_1_50' title='bbox 98 1227 214 1298; x_wconf 89' lang='lat' dir='ltr'><em>Modus</em></span> <span class='ocrx_word' id='word_1_51' title='bbox 238 1224 434 1322; x_wconf 80' lang='lat' dir='ltr'><em>accipiendo</em></span> <span class='ocrx_word' id='word_1_52' title='bbox 459 1229 595 1298; x_wconf 85' lang='lat' dir='ltr'><em>rationis</em></span> <span class='ocrx_word' id='word_1_53' title='bbox 615 1231 827 1302; x_wconf 83' lang='lat' dir='ltr'><em>coseientiu.</em></span> 
     </span>
     <span class='ocr_line' id='line_1_11' title="bbox 61 1321 1002 1422; baseline 0 -26"><span class='ocrx_word' id='word_1_54' title='bbox 61 1327 154 1397; x_wconf 77' lang='lat' dir='ltr'><em>cut.</em></span> <span class='ocrx_word' id='word_1_55' title='bbox 179 1321 273 1396; x_wconf 84' lang='lat' dir='ltr'><strong>XVI.</strong></span> <span class='ocrx_word' id='word_1_56' title='bbox 297 1335 346 1395; x_wconf 84' lang='lat' dir='ltr'><em>De</em></span> <span class='ocrx_word' id='word_1_57' title='bbox 358 1327 521 1406; x_wconf 82' lang='lat' dir='ltr'><em>Ratione,</em></span> <span class='ocrx_word' id='word_1_58' title='bbox 546 1339 641 1422; x_wconf 83' lang='lat' dir='ltr'><em>atque</em></span> <span class='ocrx_word' id='word_1_59' title='bbox 662 1331 865 1400; x_wconf 89' lang='lat' dir='ltr'><em>Institutione</em></span> <span class='ocrx_word' id='word_1_60' title='bbox 880 1327 1002 1396; x_wconf 87' lang='lat' dir='ltr'><em>Studio·</em></span> 
     </span>
     <span class='ocr_line' id='line_1_12' title="bbox 143 1447 475 1500; baseline 0.018 -6"><span class='ocrx_word' id='word_1_61' title='bbox 143 1447 240 1495; x_wconf 70' lang='lat' dir='ltr'><em>Tum·</em></span> <span class='ocrx_word' id='word_1_62' title='bbox 472 1493 475 1500; x_wconf 93' lang='grc'><em>,</em></span> 
     </span>
     <span class='ocr_line' id='line_1_13' title="bbox 20 1520 502 1612; baseline 0.002 -20"><span class='ocrx_word' id='word_1_63' title='bbox 20 1521 125 1612; x_wconf 68' lang='lat' dir='ltr'><em>Recole</em></span> <span class='ocrx_word' id='word_1_64' title='bbox 152 1524 236 1591; x_wconf 82' lang='lat' dir='ltr'><em>Socii</em></span> <span class='ocrx_word' id='word_1_65' title='bbox 262 1520 502 1595; x_wconf 66' lang='lat' dir='ltr'><em>Provinciaiis.</em></span> 
     </span>
     <span class='ocr_line' id='line_1_14' title="bbox 18 1620 662 1717; baseline 0.006 -28"><span class='ocrx_word' id='word_1_66' title='bbox 18 1622 126 1711; x_wconf 62' lang='lat' dir='ltr'><em>Regula</em></span> <span class='ocrx_word' id='word_1_67' title='bbox 153 1624 319 1717; x_wconf 81' lang='lat' dir='ltr'><em>Praepositi</em></span> <span class='ocrx_word' id='word_1_68' title='bbox 349 1633 464 1692; x_wconf 86' lang='lat' dir='ltr'><em>Domus</em></span> <span class='ocrx_word' id='word_1_69' title='bbox 488 1620 662 1708; x_wconf 74' lang='lat' dir='ltr'><em>Professor.</em></span> 
     </span>
     <span class='ocr_line' id='line_1_15' title="bbox 58 1718 1100 1815; baseline -0.01 -23"><span class='ocrx_word' id='word_1_70' title='bbox 58 1721 155 1792; x_wconf 84' lang='lat' dir='ltr'><strong>CAP.</strong></span> <span class='ocrx_word' id='word_1_71' title='bbox 181 1719 208 1791; x_wconf 88' lang='lat'><em>1.</em></span> <span class='ocrx_word' id='word_1_72' title='bbox 234 1731 283 1790; x_wconf 80' lang='lat' dir='ltr'><em>Ite</em></span> <span class='ocrx_word' id='word_1_73' title='bbox 308 1720 375 1796; x_wconf 92' lang='lat' dir='ltr'><em>iis,</em></span> <span class='ocrx_word' id='word_1_74' title='bbox 401 1742 469 1815; x_wconf 87' lang='lat' dir='ltr'><em>qun</em></span> <span class='ocrx_word' id='word_1_75' title='bbox 495 1728 537 1790; x_wconf 88' lang='lat' dir='ltr'><em>ad</em></span> <span class='ocrx_word' id='word_1_76' title='bbox 566 1724 633 1802; x_wconf 83' lang='lat' dir='ltr'><em>ejus</em></span> <span class='ocrx_word' id='word_1_77' title='bbox 647 1727 813 1791; x_wconf 81' lang='lat' dir='ltr'><em>Personam</em></span> <span class='ocrx_word' id='word_1_78' title='bbox 826 1723 848 1797; x_wconf 80' lang='grc'><em>,“</em></span> <span class='ocrx_word' id='word_1_79' title='bbox 865 1725 910 1793; x_wconf 66' lang='lat'><em>&amp;⁸</em></span> <span class='ocrx_word' id='word_1_80' title='bbox 928 1718 1023 1786; x_wconf 86' lang='lat' dir='ltr'><em>totius</em></span> <span class='ocrx_word' id='word_1_81' title='bbox 1037 1724 1100 1783; x_wconf 83' lang='lat' dir='ltr'><em>Do·</em></span> 
     </span>
     <span class='ocr_line' id='line_1_16' title="bbox 144 1809 1097 1912; baseline -0.006 -24"><span class='ocrx_word' id='word_1_82' title='bbox 144 1839 214 1888; x_wconf 91' lang='lat' dir='ltr'><em>mus</em></span> <span class='ocrx_word' id='word_1_83' title='bbox 238 1818 562 1889; x_wconf 85' lang='lat' dir='ltr'><em>Administrationem</em></span> <span class='ocrx_word' id='word_1_84' title='bbox 583 1809 767 1912; x_wconf 63' lang='lat' dir='ltr'><em>pertinent.</em></span> <span class='ocrx_word' id='word_1_85' title='bbox 1008 1811 1097 1888; x_wconf 79' lang='lat' dir='ltr'><em>ibid,</em></span> 
     </span>
     <span class='ocr_line' id='line_1_17' title="bbox 56 1907 1000 2012; baseline -0.007 -23"><span class='ocrx_word' id='word_1_86' title='bbox 56 1915 153 1989; x_wconf 80' lang='lat' dir='ltr'><strong>CAP.</strong></span> <span class='ocrx_word' id='word_1_87' title='bbox 179 1919 225 1986; x_wconf 85' lang='grc' dir='ltr'><em>ΙΙ.</em></span> <span class='ocrx_word' id='word_1_88' title='bbox 250 1917 377 1990; x_wconf 77' lang='lat' dir='ltr'><em>Deiis,</em></span> <span class='ocrx_word' id='word_1_89' title='bbox 406 1935 476 2011; x_wconf 85' lang='lat' dir='ltr'><em>qua</em></span> <span class='ocrx_word' id='word_1_90' title='bbox 499 1921 708 2012; x_wconf 75' lang='lat' dir='ltr'><em>Propositum·</em></span> <span class='ocrx_word' id='word_1_91' title='bbox 732 1917 774 1984; x_wconf 86' lang='lat' dir='ltr'><em>ad</em></span> <span class='ocrx_word' id='word_1_92' title='bbox 800 1907 916 1984; x_wconf 81' lang='lat' dir='ltr'><em>bonam</em></span> <span class='ocrx_word' id='word_1_93' title='bbox 931 1915 1000 1987; x_wconf 83' lang='lat' dir='ltr'><em>Ad·</em></span> 
     </span>
     <span class='ocr_line' id='line_1_18' title="bbox 142 2010 1093 2100; baseline -0.006 -14"><span class='ocrx_word' id='word_1_94' title='bbox 142 2014 410 2086; x_wconf 81' lang='lat' dir='ltr'><em>ministrationem</em></span> <span class='ocrx_word' id='word_1_95' title='bbox 434 2011 619 2100; x_wconf 73' lang='lat' dir='ltr'><em>jaeebunt.</em></span> <span class='ocrx_word' id='word_1_96' title='bbox 1046 2010 1093 2095; x_wconf 80' lang='lat'><em>85</em></span> 
     </span>
     <span class='ocr_line' id='line_1_19' title="bbox 54 2109 1095 2209; baseline -0.003 -26"><span class='ocrx_word' id='word_1_97' title='bbox 54 2113 152 2184; x_wconf 87' lang='lat' dir='ltr'><strong>CAP.</strong></span> <span class='ocrx_word' id='word_1_98' title='bbox 180 2113 243 2185; x_wconf 87' lang='lat'>111.</span> <span class='ocrx_word' id='word_1_99' title='bbox 270 2127 317 2187; x_wconf 84' lang='lat' dir='ltr'><em>De</em></span> <span class='ocrx_word' id='word_1_100' title='bbox 346 2136 421 2183; x_wconf 89' lang='lat' dir='ltr'><em>eura</em></span> <span class='ocrx_word' id='word_1_101' title='bbox 444 2119 640 2202; x_wconf 70' lang='lat' dir='ltr'><em>Nostrorum</em></span> <span class='ocrx_word' id='word_1_102' title='bbox 665 2114 701 2182; x_wconf 87' lang='lat' dir='ltr'><em>io</em></span> <span class='ocrx_word' id='word_1_103' title='bbox 730 2111 853 2209; x_wconf 81' lang='lat' dir='ltr'><em>Spiritu</em></span> <span class='ocrx_word' id='word_1_104' title='bbox 1048 2109 1095 2196; x_wconf 83' lang='lat'><em>87</em></span> 
     </span>
     <span class='ocr_line' id='line_1_20' title="bbox 54 2213 1094 2296; baseline 0.002 -14"><span class='ocrx_word' id='word_1_105' title='bbox 54 2213 154 2285; x_wconf 66' lang='lat' dir='ltr'><em>cul).</em></span> <span class='ocrx_word' id='word_1_106' title='bbox 183 2213 242 2282; x_wconf 85' lang='lat' dir='ltr'><em>tv.</em></span> <span class='ocrx_word' id='word_1_107' title='bbox 266 2225 314 2284; x_wconf 83' lang='lat' dir='ltr'><em>tte</em></span> <span class='ocrx_word' id='word_1_108' title='bbox 335 2213 473 2284; x_wconf 75' lang='lat' dir='ltr'><em>Auxilio</em></span> <span class='ocrx_word' id='word_1_109' title='bbox 498 2216 718 2284; x_wconf 81' lang='lat' dir='ltr'><em>Animarum.</em></span> <span class='ocrx_word' id='word_1_110' title='bbox 870 2263 872 2268; x_wconf 89' lang='lat'>-</span> <span class='ocrx_word' id='word_1_111' title='bbox 1047 2224 1094 2296; x_wconf 89' lang='lat'><em>91</em></span> 
     </span>
     <span class='ocr_line' id='line_1_21' title="bbox 52 2309 1094 2404; baseline 0.004 -25"><span class='ocrx_word' id='word_1_112' title='bbox 52 2311 151 2384; x_wconf 72' lang='lat' dir='ltr'><em>cut.</em></span> <span class='ocrx_word' id='word_1_113' title='bbox 176 2309 218 2380; x_wconf 88' lang='lat' dir='ltr'><em>V.</em></span> <span class='ocrx_word' id='word_1_114' title='bbox 245 2325 294 2384; x_wconf 86' lang='lat' dir='ltr'><em>De</em></span> <span class='ocrx_word' id='word_1_115' title='bbox 318 2310 439 2404; x_wconf 73' lang='lat' dir='ltr'><em>Ordine</em></span> <span class='ocrx_word' id='word_1_116' title='bbox 464 2311 668 2382; x_wconf 79' lang='lat' dir='ltr'><em>onnesttcn.</em></span> <span class='ocrx_word' id='word_1_117' title='bbox 723 2361 726 2370; x_wconf 68' lang='lat'><em>,</em></span> <span class='ocrx_word' id='word_1_118' title='bbox 1047 2322 1094 2402; x_wconf 75' lang='lat'><em>95</em></span> 
     </span>
     <span class='ocr_line' id='line_1_22' title="bbox 52 2407 996 2508; baseline 0.001 -30"><span class='ocrx_word' id='word_1_119' title='bbox 52 2407 149 2482; x_wconf 87' lang='lat' dir='ltr'><strong>CAP.</strong></span> <span class='ocrx_word' id='word_1_120' title='bbox 178 2408 236 2480; x_wconf 84' lang='lat' dir='ltr'><em>vt.</em></span> <span class='ocrx_word' id='word_1_121' title='bbox 262 2423 313 2484; x_wconf 84' lang='lat' dir='ltr'><em>De</em></span> <span class='ocrx_word' id='word_1_122' title='bbox 337 2409 403 2486; x_wconf 74' lang='lat' dir='ltr'><em>iis,</em></span> <span class='ocrx_word' id='word_1_123' title='bbox 428 2430 497 2507; x_wconf 72' lang='lat' dir='ltr'><em>que</em></span> <span class='ocrx_word' id='word_1_124' title='bbox 519 2411 687 2506; x_wconf 88' lang='lat' dir='ltr'><em>pertinent</em></span> <span class='ocrx_word' id='word_1_125' title='bbox 710 2411 752 2508; x_wconf 84' lang='lat' dir='ltr'><em>ad</em></span> <span class='ocrx_word' id='word_1_126' title='bbox 774 2432 826 2481; x_wconf 88' lang='lat' dir='ltr'><em>res</em></span> <span class='ocrx_word' id='word_1_127' title='bbox 843 2422 996 2506; x_wconf 76' lang='lat' dir='ltr'><em>tempora·</em></span> 
     </span>
    </p>
   </div>
   <div class='ocr_carea' id='block_1_2' title="bbox 146 2505 1222 2618">
    <p class='ocr_par' dir='ltr' id='par_1_2' title="bbox 146 2505 1222 2618">
     <span class='ocr_line' id='line_1_23' title="bbox 146 2505 1222 2618; baseline -0.005 -40"><span class='ocrx_word' id='word_1_128' title='bbox 146 2505 220 2578; x_wconf 82' lang='lat' dir='ltr'><em>ies.</em></span> <span class='ocrx_word' id='word_1_129' title='bbox 1045 2519 1093 2596; x_wconf 88' lang='lat'><em>97</em></span> <span class='ocrx_word' id='word_1_130' title='bbox 1219 2612 1222 2618; x_wconf 24' lang='grc' dir='ltr'>Ι</span> 
     </span>
    </p>
   </div>
   <div class='ocr_carea' id='block_1_3' title="bbox 17 2605 1100 3789">
    <p class='ocr_par' dir='ltr' id='par_1_3' title="bbox 17 2605 1100 3789">
     <span class='ocr_line' id='line_1_24' title="bbox 49 2605 998 2682; baseline -0.002 -8"><span class='ocrx_word' id='word_1_131' title='bbox 49 2605 150 2678; x_wconf 78' lang='lat' dir='ltr'><em>ctu.</em></span> <span class='ocrx_word' id='word_1_132' title='bbox 176 2606 253 2678; x_wconf 88' lang='lat' dir='ltr'><strong>VII.</strong></span> <span class='ocrx_word' id='word_1_133' title='bbox 277 2619 326 2680; x_wconf 84' lang='lat' dir='ltr'><em>Dc</em></span> <span class='ocrx_word' id='word_1_134' title='bbox 351 2607 629 2678; x_wconf 82' lang='lat' dir='ltr'><em>communicatione</em></span> <span class='ocrx_word' id='word_1_135' title='bbox 656 2627 722 2680; x_wconf 90' lang='lat' dir='ltr'><em>eum</em></span> <span class='ocrx_word' id='word_1_136' title='bbox 748 2605 927 2682; x_wconf 80' lang='lat' dir='ltr'><em>Externis,</em></span> <span class='ocrx_word' id='word_1_137' title='bbox 953 2609 998 2678; x_wconf 57' lang='grc' dir='ltr'><strong><em>ψ</em></strong></span> 
     </span>
     <span class='ocr_line' id='line_1_25' title="bbox 135 2699 1093 2800; baseline -0.009 -24"><span class='ocrx_word' id='word_1_138' title='bbox 135 2709 337 2800; x_wconf 81' lang='lat' dir='ltr'><em>gratitudine</em></span> <span class='ocrx_word' id='word_1_139' title='bbox 353 2727 430 2798; x_wconf 85' lang='lat' dir='ltr'><em>erga</em></span> <span class='ocrx_word' id='word_1_140' title='bbox 447 2709 660 2782; x_wconf 69' lang='lat' dir='ltr'><em>fundatores,</em></span> <span class='ocrx_word' id='word_1_141' title='bbox 691 2715 733 2780; x_wconf 71' lang='lat' dir='ltr'><em>(r</em></span> <span class='ocrx_word' id='word_1_142' title='bbox 753 2699 996 2789; x_wconf 78' lang='lat' dir='ltr'><em>Beuefactorcs.</em></span> <span class='ocrx_word' id='word_1_143' title='bbox 1024 2717 1093 2768; x_wconf 86' lang='lat'><em>100</em></span> 
     </span>
     <span class='ocr_line' id='line_1_26' title="bbox 48 2803 996 2900; baseline -0.005 -27"><span class='ocrx_word' id='word_1_144' title='bbox 48 2803 148 2876; x_wconf 75' lang='lat' dir='ltr'><em>cet.</em></span> <span class='ocrx_word' id='word_1_145' title='bbox 174 2805 268 2876; x_wconf 83' lang='lat' dir='ltr'>v111.</span> <span class='ocrx_word' id='word_1_146' title='bbox 295 2818 343 2876; x_wconf 85' lang='lat' dir='ltr'><em>De</em></span> <span class='ocrx_word' id='word_1_147' title='bbox 367 2807 440 2882; x_wconf 92' lang='lat' dir='ltr'><em>iis,</em></span> <span class='ocrx_word' id='word_1_148' title='bbox 463 2805 523 2900; x_wconf 81' lang='lat' dir='ltr'><em>qui</em></span> <span class='ocrx_word' id='word_1_149' title='bbox 545 2806 675 2876; x_wconf 84' lang='lat' dir='ltr'><em>admitti</em></span> <span class='ocrx_word' id='word_1_150' title='bbox 698 2815 843 2900; x_wconf 83' lang='lat' dir='ltr'><em>petunt,</em></span> <span class='ocrx_word' id='word_1_151' title='bbox 865 2803 906 2869; x_wconf 87' lang='lat' dir='ltr'><em>ad</em></span> <span class='ocrx_word' id='word_1_152' title='bbox 930 2811 996 2870; x_wconf 86' lang='lat' dir='ltr'><em>Do·</em></span> 
     </span>
     <span class='ocr_line' id='line_1_27' title="bbox 139 2899 1088 2988; baseline -0.011 -14"><span class='ocrx_word' id='word_1_153' title='bbox 139 2927 226 2976; x_wconf 90' lang='lat' dir='ltr'><em>mum</em></span> <span class='ocrx_word' id='word_1_154' title='bbox 255 2904 446 2981; x_wconf 83' lang='lat' dir='ltr'><em>divertunt,</em></span> <span class='ocrx_word' id='word_1_155' title='bbox 470 2914 525 2973; x_wconf 81' lang='lat' dir='ltr'><em>eut</em></span> <span class='ocrx_word' id='word_1_156' title='bbox 549 2899 638 2988; x_wconf 80' lang='lat' dir='ltr'><em>foras</em></span> <span class='ocrx_word' id='word_1_157' title='bbox 663 2904 858 2973; x_wconf 81' lang='lat' dir='ltr'><em>mittuntur.</em></span> <span class='ocrx_word' id='word_1_158' title='bbox 1023 2913 1088 2967; x_wconf 71' lang='grc' dir='ltr'><em>τοι</em></span> 
     </span>
     <span class='ocr_line' id='line_1_28' title="bbox 17 2999 1093 3090; baseline -0.005 -21"><span class='ocrx_word' id='word_1_159' title='bbox 17 2999 118 3090; x_wconf 77' lang='lat' dir='ltr'><em>tegula</em></span> <span class='ocrx_word' id='word_1_160' title='bbox 146 3005 321 3075; x_wconf 85' lang='lat' dir='ltr'><em>Rectoris.</em></span> <span class='ocrx_word' id='word_1_161' title='bbox 1021 3013 1093 3087; x_wconf 78' lang='lat'><em>104</em></span> 
     </span>
     <span class='ocr_line' id='line_1_29' title="bbox 45 3097 995 3196; baseline -0.006 -26"><span class='ocrx_word' id='word_1_162' title='bbox 45 3101 146 3178; x_wconf 75' lang='lat' dir='ltr'><strong>CAP.</strong></span> <span class='ocrx_word' id='word_1_163' title='bbox 170 3101 200 3171; x_wconf 88' lang='lat' dir='ltr'><em>I.</em></span> <span class='ocrx_word' id='word_1_164' title='bbox 223 3114 272 3172; x_wconf 83' lang='lat' dir='ltr'><em>De</em></span> <span class='ocrx_word' id='word_1_165' title='bbox 296 3101 364 3178; x_wconf 85' lang='lat' dir='ltr'><em>iis,</em></span> <span class='ocrx_word' id='word_1_166' title='bbox 389 3121 459 3196; x_wconf 85' lang='lat' dir='ltr'><em>qua</em></span> <span class='ocrx_word' id='word_1_167' title='bbox 474 3101 517 3171; x_wconf 85' lang='lat' dir='ltr'><em>ad</em></span> <span class='ocrx_word' id='word_1_168' title='bbox 532 3103 600 3186; x_wconf 76' lang='lat' dir='ltr'><em>eius</em></span> <span class='ocrx_word' id='word_1_169' title='bbox 616 3105 809 3178; x_wconf 81' lang='lat' dir='ltr'><em>Personam,</em></span> <span class='ocrx_word' id='word_1_170' title='bbox 834 3102 879 3194; x_wconf 65' lang='grc' dir='ltr'><em>ό·</em></span> <span class='ocrx_word' id='word_1_171' title='bbox 899 3097 995 3168; x_wconf 79' lang='lat' dir='ltr'><em>tostus</em></span> 
     </span>
     <span class='ocr_line' id='line_1_30' title="bbox 134 3191 1096 3298; baseline -0.008 -28"><span class='ocrx_word' id='word_1_172' title='bbox 134 3197 270 3292; x_wconf 84' lang='lat' dir='ltr'><em>cattegtt</em></span> <span class='ocrx_word' id='word_1_173' title='bbox 296 3200 622 3274; x_wconf 85' lang='lat' dir='ltr'><em>Administratiottem</em></span> <span class='ocrx_word' id='word_1_174' title='bbox 645 3204 836 3298; x_wconf 79' lang='lat' dir='ltr'><em>pertinent.</em></span> <span class='ocrx_word' id='word_1_175' title='bbox 1004 3191 1096 3264; x_wconf 84' lang='lat' dir='ltr'><em>ibid.</em></span> 
     </span>
     <span class='ocr_line' id='line_1_31' title="bbox 42 3291 994 3392; baseline -0.004 -25"><span class='ocrx_word' id='word_1_176' title='bbox 42 3297 144 3368; x_wconf 84' lang='lat' dir='ltr'><strong>CAP.</strong></span> <span class='ocrx_word' id='word_1_177' title='bbox 169 3297 216 3368; x_wconf 83' lang='lat' dir='ltr'><em>Ii.</em></span> <span class='ocrx_word' id='word_1_178' title='bbox 241 3311 289 3369; x_wconf 89' lang='lat' dir='ltr'><em>De</em></span> <span class='ocrx_word' id='word_1_179' title='bbox 313 3299 380 3382; x_wconf 90' lang='lat' dir='ltr'><em>iis,</em></span> <span class='ocrx_word' id='word_1_180' title='bbox 407 3319 474 3392; x_wconf 88' lang='lat' dir='ltr'><em>quat</em></span> <span class='ocrx_word' id='word_1_181' title='bbox 490 3307 655 3371; x_wconf 83' lang='lat' dir='ltr'><em>Rectorem</em></span> <span class='ocrx_word' id='word_1_182' title='bbox 682 3303 725 3371; x_wconf 83' lang='lat' dir='ltr'><em>ad</em></span> <span class='ocrx_word' id='word_1_183' title='bbox 751 3297 865 3370; x_wconf 82' lang='lat' dir='ltr'><em>bonam</em></span> <span class='ocrx_word' id='word_1_184' title='bbox 878 3291 994 3373; x_wconf 83' lang='lat' dir='ltr'><em>Admi-</em></span> 
     </span>
     <span class='ocr_line' id='line_1_32' title="bbox 136 3391 1100 3484; baseline -0.003 -18"><span class='ocrx_word' id='word_1_185' title='bbox 136 3399 361 3466; x_wconf 87' lang='lat' dir='ltr'><em>nistratiouem</em></span> <span class='ocrx_word' id='word_1_186' title='bbox 387 3391 576 3479; x_wconf 78' lang='lat' dir='ltr'><em>iuvabunt.</em></span> <span class='ocrx_word' id='word_1_187' title='bbox 667 3401 677 3412; x_wconf 82' lang='grc'><em>’“</em></span> <span class='ocrx_word' id='word_1_188' title='bbox 956 3429 961 3447; x_wconf 53' lang='lat' dir='ltr'><em>s</em></span> <span class='ocrx_word' id='word_1_189' title='bbox 1019 3407 1100 3484; x_wconf 78' lang='lat'>¹07.</span> 
     </span>
     <span class='ocr_line' id='line_1_33' title="bbox 41 3492 1091 3592; baseline 0.003 -32"><span class='ocrx_word' id='word_1_190' title='bbox 41 3492 143 3565; x_wconf 84' lang='lat' dir='ltr'><strong>CAP.</strong></span> <span class='ocrx_word' id='word_1_191' title='bbox 173 3496 234 3564; x_wconf 81' lang='grc' dir='ltr'><strong>ΙΙΙ.</strong></span> <span class='ocrx_word' id='word_1_192' title='bbox 260 3507 307 3567; x_wconf 83' lang='lat' dir='ltr'><em>De</em></span> <span class='ocrx_word' id='word_1_193' title='bbox 331 3515 405 3577; x_wconf 82' lang='lat' dir='ltr'><em>tura</em></span> <span class='ocrx_word' id='word_1_194' title='bbox 424 3499 621 3583; x_wconf 67' lang='lat' dir='ltr'><em>Nostrorum</em></span> <span class='ocrx_word' id='word_1_195' title='bbox 645 3495 682 3565; x_wconf 88' lang='lat' dir='ltr'><em>iu</em></span> <span class='ocrx_word' id='word_1_196' title='bbox 700 3493 845 3592; x_wconf 82' lang='lat' dir='ltr'><em>Spiritu.</em></span> <span class='ocrx_word' id='word_1_197' title='bbox 1019 3513 1091 3578; x_wconf 73' lang='lat'><em>109</em></span> 
     </span>
     <span class='ocr_line' id='line_1_34' title="bbox 41 3593 694 3666; baseline 0.008 -8"><span class='ocrx_word' id='word_1_198' title='bbox 41 3593 143 3663; x_wconf 82' lang='lat' dir='ltr'><strong>CAP.</strong></span> <span class='ocrx_word' id='word_1_199' title='bbox 171 3593 229 3664; x_wconf 87' lang='lat' dir='ltr'><em>lV.</em></span> <span class='ocrx_word' id='word_1_200' title='bbox 255 3605 302 3664; x_wconf 83' lang='lat' dir='ltr'><em>De</em></span> <span class='ocrx_word' id='word_1_201' title='bbox 328 3595 523 3666; x_wconf 83' lang='lat' dir='ltr'><em>Litterarum</em></span> <span class='ocrx_word' id='word_1_202' title='bbox 547 3593 694 3664; x_wconf 81' lang='lat' dir='ltr'><em>Studiis.</em></span> 
     </span>
     <span class='ocr_line' id='line_1_35' title="bbox 42 3689 667 3789; baseline 0.01 -31"><span class='ocrx_word' id='word_1_203' title='bbox 42 3690 147 3764; x_wconf 85' lang='lat' dir='ltr'>CAP.</span> <span class='ocrx_word' id='word_1_204' title='bbox 176 3691 220 3762; x_wconf 87' lang='lat' dir='ltr'><em>V.</em></span> <span class='ocrx_word' id='word_1_205' title='bbox 243 3703 292 3764; x_wconf 86' lang='lat' dir='ltr'><em>tte</em></span> <span class='ocrx_word' id='word_1_206' title='bbox 319 3690 441 3764; x_wconf 82' lang='lat' dir='ltr'><em>ordine</em></span> <span class='ocrx_word' id='word_1_207' title='bbox 463 3689 667 3789; x_wconf 63' lang='lat' dir='ltr'><em>Domesticog</em></span> 
     </span>
    </p>
   </div>
   <div class='ocr_carea' id='block_1_4' title="bbox 818 3785 991 3866">
    <p class='ocr_par' dir='ltr' id='par_1_4' title="bbox 818 3785 991 3866">
     <span class='ocr_line' id='line_1_36' title="bbox 818 3785 991 3866; baseline -0.052 0"><span class='ocrx_word' id='word_1_208' title='bbox 818 3785 991 3866; x_wconf 71' lang='lat' dir='ltr'><em>ceevl.</em></span> 
     </span>
    </p>
   </div>
   <div class='ocr_carea' id='block_1_5' title="bbox 0 0 1380 4332">
    <p class='ocr_par' dir='ltr' id='par_1_5' title="bbox 0 0 1380 4332">
     <span class='ocr_line' id='line_1_37' title="bbox 0 0 1380 4332; baseline 0 2"><span class='ocrx_word' id='word_1_209' title='bbox 0 0 1380 4332; x_wconf 95' lang='lat' dir='ltr'><em> </em></span> 
     </span>
    </p>
   </div>
  </div>
 </body>
</html>
