2716 4332
300 247 306 257 ·
384 217 442 302 ὼ
561 231 571 242 ’
649 191 1051 300 REGULAE

381 356 523 444 ceteris
536 352 801 454 facultatibus,
810 380 1007 461 quantum
1029 351 1125 438 satis
1144 379 1224 461 est,
1241 379 1327 438 ex-

313 513 315 518 ·
381 477 538 577 cultos,
570 497 743 576 quorum
762 497 906 581 opera,
937 499 983 554 ac
998 469 1210 554 sedulitate
1236 470 1327 556 bo-

381 603 532 675 norum
545 585 829 672 Professorum
845 611 976 695 genus
993 587 1195 692 quoddam
1222 646 1237 690 ,
1269 615 1328 670 ae

381 731 585 810 tamquam
605 730 718 813 seges
736 702 787 785 ali
808 757 823 804 ‚
853 729 896 784 ac
911 705 1123 813 propagari
1145 703 1280 812 possit
1311 765 1326 787 .

163 839 368 905 Grammartca
442 843 514 938 23.
544 817 669 905 Dabit
687 847 874 930 operam,
905 844 948 903 ut
965 818 1104 903 nostri
1116 815 1325 928 Magistri

128 920 360 1046 emmanuele·
382 961 550 1022 utantur
564 936 836 1020 Grammatica
851 935 1159 1020 Emmanuelis.
1191 934 1326 1040 Quod

307 1144 310 1153 s
381 1052 416 1134 si
433 1052 610 1137 methodi
642 1050 923 1155 accuratioris,
953 1078 1073 1157 quam
1088 1079 1324 1162 puerorum

303 1182 305 1191 ’
382 1193 519 1277 captus
550 1167 680 1263 ferat,
710 1164 854 1251 alicubi
890 1167 1104 1280 videatur,
1133 1168 1202 1254 ,vel
1221 1168 1320 1252 Ro-

380 1311 544 1369 manam
562 1281 780 1392 accipiant,
811 1283 874 1365 vel
894 1283 1074 1368 similem
1086 1309 1198 1368 curet
1216 1311 1322 1366 con-

254 1473 257 1494 J
378 1397 606 1498 sitiendam,
623 1401 814 1483 consulto
834 1395 1061 1511 Praeposito
1078 1399 1279 1482 Generali
1302 1427 1317 1478 ε

381 1519 493 1599 salva
514 1541 651 1602 tamen
668 1515 755 1626 ipsa
770 1511 844 1618 vi,
874 1543 920 1600 ac
952 1514 1192 1627 proprietate
1218 1545 1318 1600 om·

379 1631 495 1714 nium
513 1629 1101 1743 praeceptorumEmmanuelis
1121 1690 1133 1711 .

130 1764 269 1862 Maeffrtrt
299 1791 367 1855 per..
439 1777 511 1857 24.
545 1753 767 1858 Perpetuos
800 1747 1121 1850 Grammaticae,
1150 1772 1195 1828 ac
1220 1745 1319 1830 Re-

130 1860 236 1920 P⁰‘¹¹¹·
379 1858 549 1962 thoricae
565 1863 786 1973 Magistros
803 1923 818 1971 ,
850 1893 971 1972 quam
987 1885 1150 1976 potest,
1176 1865 1318 1970 pluris
1345 1957 1346 1970 Ν

379 2006 471 2062 mos
488 2005 599 2090 paret
619 2043 629 2064 .
659 1977 706 2064 Id
724 2005 857 2066 autem
875 1981 978 2085 fiet,
1008 1980 1043 2061 si
1060 2004 1154 2088 post
1183 1978 1318 2062 abso-

379 2095 466 2177 luta
484 2093 661 2181 Casuum
679 2155 708 2205 ‚,
725 2121 794 2181 aut
822 2095 945 2182 etiam
962 2092 1209 2204 Theologiae
1226 2119 1318 2179 stu·

379 2208 445 2306 dia
460 2213 685 2296 nonnullos
701 2265 716 2313 ,
735 2237 834 2318 quos
855 2215 983 2324 magis
1005 2213 1166 2312 iubos,
1185 2240 1315 2314 quam

379 2324 425 2410 in
440 2325 518 2409 alio
535 2355 703 2414 munere
712 2325 952 2414 Societatem
969 2334 1108 2438 juvare
1123 2353 1245 2436 posse
1264 2327 1314 2414 iu

376 2436 561 2527 Domino
578 2443 843 2554 judicaverit,
875 2445 922 2528 ad
942 2446 981 2528 id
1000 2472 1162 2528 strenue
1178 2443 1311 2552 appli-

374 2584 467 2654 cet,
497 2559 788 2670 horteturque,
819 2589 864 2649 ut
881 2590 925 2644 se
943 2586 1050 2644 totos
1068 2562 1110 2644 in
1134 2586 1217 2644 tam
1238 2587 1310 2642 sa-

239 2755 245 2768 .
374 2673 501 2870 lutape
527 2703 628 2786 opus
646 2675 698 2760 ob
714 2674 1194 2792 majusDeiobsequium
1223 2675 1310 2759 im-

375 2818 455 2898 pen
485 2814 582 2875 ant.

134 2906 193 2998 'Ab
226 2940 358 3015 ingressu
434 2927 505 3017 ας.
539 2903 727 2990 Proderit
754 2906 876 2990 etiam
906 2908 950 2991 in
982 2907 1070 3018 ipso
1087 2905 1305 2992 Societatis

66 3083 71 3092 .
126 3017 273 3098 errand&
306 3035 358 3076 ¹¹⁶⁰
377 3020 561 3122 inpressu
578 3021 758 3126 aliquos,
788 3023 853 3128 qui
872 3025 922 3106 ad
948 3023 988 3107 id
1013 3025 1307 3109 accommodati

75 3185 77 3190 ,
130 3095 325 3160 “mma‘'
374 3137 631 3230 viderentur,
665 3137 814 3241 quique
837 3166 1201 3250 propteraetatems
1234 3145 1305 3226 vel

374 3243 588 3354 inuenirim
605 3253 648 3334 iu
671 3255 923 3360 gravioribus
943 3256 1084 3344 studiis
1100 3256 1305 3366 profectu-

374 3369 701 3468 dnouement,
731 3370 804 3454 hac
837 3372 1265 3482 conditioneretipere
1288 3435 1305 3480 ‚

372 3503 419 3568 ur
431 3485 560 3567 vitam
575 3513 689 3568 suam
707 3485 750 3568 iri
767 3485 831 3570 his
859 3489 1001 3574 litteris
1030 3487 1219 3582 docendis
1236 3489 1304 3572 di-

371 3601 471 3684 vino
495 3600 692 3706 obsequio
711 3601 838 3686 dicare
859 3606 989 3690 velint
1010 3636 1023 3686 t
1055 3605 1305 3710 quodetiam

372 3716 585 3804 adnotetur
603 3720 647 3804 iu
666 3716 770 3803 libro
785 3719 1084 3834 Prouincialis›.·
1100 3722 1154 3805 Hi
1171 3751 1304 3819 vero,

778 3859 780 3864 ’
989 3837 1000 3857 “
1228 3843 1299 3926 vel
