2756 4336
217 164 371 258 soon
395 131 538 256 stne.
569 148 772 255 uovtr.
881 190 963 284 ur

39 307 226 420 Magistri
257 314 335 398 erit
367 313 589 426 dispicere,
620 344 674 399 an
706 375 720 424 ‚
750 309 794 398 8<
827 337 961 416 quan·
1051 359 1054 365 Δ

38 451 115 553 tant
143 456 299 539 partem
329 427 450 541 hujus
478 430 692 524 ministerii
711 429 830 514 Socio
847 433 961 512 com'-

40 566 143 624 mutr
171 574 422 632 conveniat.
765 599 768 610 ν

7 713 10 760 t
89 688 131 774 7.
164 659 320 748 Visitet
353 659 574 750 identidem
607 661 789 750 cubicula
818 655 959 746 Novi.-
997 669 1233 741 venetensi„
1273 723 1275 738 ·
1333 689 1340 704 ’

7 765 9 900 J
40 767 230 882 tiorum,
272 779 317 868 ἃ
351 781 446 864 alius
479 777 637 866 Domus
681 806 813 890 partes
850 750 1071 884 ipso-‘¹¹¹²'

39 912 124 974 rum
154 895 388 996 exercitiis,
417 893 461 982 8<
478 897 622 980 usibus
640 897 855 979 destinatas
874 951 888 995 ‚
911 919 956 978 ut

40 1001 171 1094 videat
190 1069 205 1115 ‚
223 1041 274 1100 an
291 1013 431 1100 omnia
451 1013 532 1100 sint
546 1014 766 1126 composita
783 1011 830 1092 ad
856 1008 960 1094 aedi-

39 1119 300 1231 ficationem3
326 1153 437 1212 curet
455 1157 642 1236 quoque,
662 1135 718 1215 ne
737 1126 959 1234 quidquam
973 1117 1210 1262 curtifera

38 1236 114 1322 illis
146 1244 283 1344 desit,
316 1247 399 1328 sive
429 1246 477 1354 ad
504 1247 726 1345 vestitum,
758 1243 802 1327 ἃ
833 1241 953 1328 habi·
971 1221 1203 1358 {deaii‘ii

37 1353 223 1459 tionem,
255 1362 339 1444 sive
367 1361 416 1445 ad
447 1385 579 1447 cetera
606 1361 832 1445 necessaria
861 1361 1202 1468 pef.vttetuatnem·
1255 1451 1258 1457 Δ

37 1471 188 1580 tineat,
208 1475 425 1588 Superiore
444 1473 605 1562 Domus
627 1479 818 1562 consulto
838 1503 850 1555 t
878 1474 967 1560 Sed·
992 1491 996 1498 '

38 1615 177 1674 eorum
222 1595 480 1702 potissimum
526 1595 726 1678 rationem
769 1591 912 1678 habeat
941 1651 964 1700 ‚.

37 1705 97 1806 qui
134 1707 179 1792 in
209 1711 385 1822 corporis
407 1737 500 1792 cura
521 1710 723 1795 minorem
761 1711 809 1792 de
846 1709 958 1819 seip-

37 1822 88 1901 sis
105 1823 434 1912 sollicitudinem
456 1852 606 1936 gerunt
626 1856 648 1916 r.
669 1853 860 1931 curetque
881 1884 895 1928 ‚
913 1851 958 1912 ut

23 1936 136 2088 ⁸adsit
170 1995 186 2042 ,
235 1941 544 2030 cumMedirus
592 1969 725 2054 aegros
764 1941 959 2028 Novitios

38 2081 222 2144 inviset.

88 2175 130 2257 8.
163 2174 250 2261 Ubi
280 2209 370 2268 non
400 2205 464 2266 est
494 2181 774 2277 consuetudo,
802 2207 847 2266 ut
867 2173 957 2261 No·
1004 2182 1198 2284 novitiorum
1277 2271 1282 2288 .

37 2283 231 2377 vitiorum
259 2299 499 2386 recreationi
529 2325 619 2410 post
639 2299 881 2409 prandium,
914 2268 1207 2410 &ffifflmbu’

36 2425 197 2528 coenam
232 2439 392 2524 semper
412 2474 427 2518 ,
460 2416 526 2497 vel
543 2415 742 2500 ordinari&
760 2411 957 2518 intersit,

37 2517 88 2603 tbi
113 2551 229 2612 curet
253 2531 428 2630 saltem,
460 2556 505 2616 ut
528 2530 688 2618 intersit
713 2531 959 2631 identidem

37 2640 280 2747 studeatque.
299 2646 420 2732 etiam
435 2652 622 2758 exemplo
649 2675 754 2743 suo,
782 2675 827 2730 ut
852 2675 958 2734 tem·

34 2783 106 2864 pus
137 2757 241 2843 illud
268 2762 490 2874 transigere
525 2763 683 2850 discant
720 2763 877 2873 agendo
908 2765 959 2847 de

36 2874 233 2984 cremplis
250 2877 363 2966 Vitae
391 2877 573 2980 Christi,
603 2884 669 2966 vel
689 2878 959 2975 Sanctorum,

38 3013 100 3074 aut
136 2989 187 3072 de
231 2993 328 3100 his,
360 3023 451 3104 quae
484 3024 578 3082 cum
613 2996 878 3084 aedificatione
912 2994 959 3080 in

33 3105 235 3192 Societate
264 3111 372 3198 fiunt
397 3172 413 3218 ‚
443 3139 513 3198 aut
545 3111 595 3196 de
626 3143 671 3198 re
708 3113 839 3220 aliqua
866 3111 959 3196 utili

37 3217 77 3304 in
103 3219 294 3320 Domino
314 3292 325 3324 ,
355 3229 490 3312 Etiam
522 3225 852 3318 extraordinariis
870 3223 960 3312 No·
979 3216 1211 3361 strenuus?-

35 3337 228 3424 vitiorum
246 3341 565 3432 relaxationibus
583 3399 598 3446 ‚
620 3354 717 3452 quae
738 3351 849 3456 juxta
865 3371 961 3454 pro·
977 3320 1210 3458 iiiiiiiiiii-
1230 3361 1237 3374 ’

37 3449 148 3540 bata's
186 3457 347 3546 Domus
394 3461 710 3546 consuetudines
741 3460 962 3546 conceden·
978 3465 1133 3524 ¹¹⁰⁰¹⁵¹¹⁸·

36 3591 100 3652 tur
116 3622 146 3675 ‚¹
169 3576 384 3682 attendat,
425 3604 471 3662 ut
510 3577 558 3660 ad
590 3576 889 3681 refectionem,
920 3575 966 3664 ἃ

39 3711 125 3774 uon
160 3688 212 3773 ad
239 3685 483 3780 effusionem
515 3691 680 3806 spiritus
711 3689 906 3778 tendant.

506 3837 553 3897 m
804 3837 847 3924 9.
866 3809 968 3898 Uta-

1337 3199 1354 3244 l
