<?xml version="1.0" encoding="UTF-8"?>
<!DOCTYPE html PUBLIC "-//W3C//DTD XHTML 1.0 Transitional//EN"
    "http://www.w3.org/TR/xhtml1/DTD/xhtml1-transitional.dtd">
<html xmlns="http://www.w3.org/1999/xhtml" xml:lang="en" lang="en">
 <head>
  <title>
</title>
<meta http-equiv="Content-Type" content="text/html;charset=utf-8" />
  <meta name='ocr-system' content='tesseract 3.04.00' />
  <meta name='ocr-capabilities' content='ocr_page ocr_carea ocr_par ocr_line ocrx_word'/>
</head>
<body>
  <div class='ocr_page' id='page_1' title='image "./regulaesuperior00jesugoog_0148.png"; bbox 0 0 2756 4336; ppageno 0'>
   <div class='ocr_carea' id='block_1_1' title="bbox 443 13 1347 326">
    <p class='ocr_par' dir='ltr' id='par_1_1' title="bbox 443 13 1347 326">
     <span class='ocr_line' id='line_1_1' title="bbox 1186 13 1347 119; baseline 0 -95"><span class='ocrx_word' id='word_1_1' title='bbox 1186 13 1347 119; x_wconf 47' lang='grc' dir='ltr'>ῃ..</span> 
     </span>
     <span class='ocr_line' id='line_1_2' title="bbox 443 215 1100 326; baseline 0.012 -23"><span class='ocrx_word' id='word_1_2' title='bbox 443 245 525 326; x_wconf 70' lang='lat' dir='ltr'>rm</span> <span class='ocrx_word' id='word_1_3' title='bbox 704 215 1100 322; x_wconf 77' lang='lat' dir='ltr'><strong>REGULAE</strong></span> 
     </span>
    </p>
   </div>
   <div class='ocr_carea' id='block_1_2' title="bbox 437 363 1355 710">
    <p class='ocr_par' dir='ltr' id='par_1_2' title="bbox 437 363 1355 710">
     <span class='ocr_line' id='line_1_3' title="bbox 439 363 1355 471; baseline 0.004 -21"><span class='ocrx_word' id='word_1_4' title='bbox 439 366 493 450; x_wconf 87' lang='lat' dir='ltr'>rit</span> <span class='ocrx_word' id='word_1_5' title='bbox 516 427 525 446; x_wconf 91' lang='lat'><strong>.</strong></span> <span class='ocrx_word' id='word_1_6' title='bbox 554 363 605 448; x_wconf 92' lang='lat' dir='ltr'>In</span> <span class='ocrx_word' id='word_1_7' title='bbox 625 363 674 448; x_wconf 88' lang='lat' dir='ltr'>iis</span> <span class='ocrx_word' id='word_1_8' title='bbox 692 392 817 464; x_wconf 89' lang='lat' dir='ltr'>vero,</span> <span class='ocrx_word' id='word_1_9' title='bbox 847 391 938 471; x_wconf 79' lang='lat' dir='ltr'>quoe</span> <span class='ocrx_word' id='word_1_10' title='bbox 955 364 1004 447; x_wconf 89' lang='lat' dir='ltr'>ad</span> <span class='ocrx_word' id='word_1_11' title='bbox 1017 365 1279 458; x_wconf 79' lang='lat' dir='ltr'>domesticam</span> <span class='ocrx_word' id='word_1_12' title='bbox 1297 371 1355 455; x_wconf 52' lang='lat' dir='ltr'>di*</span> 
     </span>
     <span class='ocr_line' id='line_1_4' title="bbox 439 480 1353 592; baseline 0.012 -29"><span class='ocrx_word' id='word_1_13' title='bbox 439 480 651 590; x_wconf 86' lang='lat' dir='ltr'>sciplinam</span> <span class='ocrx_word' id='word_1_14' title='bbox 669 508 851 592; x_wconf 88' lang='lat' dir='ltr'>spectant</span> <span class='ocrx_word' id='word_1_15' title='bbox 871 533 885 579; x_wconf 87' lang='lat'>,</span> <span class='ocrx_word' id='word_1_16' title='bbox 914 508 959 565; x_wconf 91' lang='lat' dir='ltr'>ut</span> <span class='ocrx_word' id='word_1_17' title='bbox 976 495 1070 567; x_wconf 85' lang='lat' dir='ltr'>cu&#39;m</span> <span class='ocrx_word' id='word_1_18' title='bbox 1086 484 1193 568; x_wconf 83' lang='lat' dir='ltr'>fotos</span> <span class='ocrx_word' id='word_1_19' title='bbox 1213 519 1353 574; x_wconf 83' lang='lat' dir='ltr'>exeun·</span> 
     </span>
     <span class='ocr_line' id='line_1_5' title="bbox 437 597 1354 710; baseline 0.015 -33"><span class='ocrx_word' id='word_1_20' title='bbox 437 597 536 682; x_wconf 89' lang='lat' dir='ltr'>dum</span> <span class='ocrx_word' id='word_1_21' title='bbox 570 598 679 704; x_wconf 87' lang='lat' dir='ltr'>etit,</span> <span class='ocrx_word' id='word_1_22' title='bbox 711 623 778 682; x_wconf 90' lang='lat' dir='ltr'>aut</span> <span class='ocrx_word' id='word_1_23' title='bbox 820 627 979 684; x_wconf 79' lang='lat' dir='ltr'>mensae</span> <span class='ocrx_word' id='word_1_24' title='bbox 1020 600 1354 710; x_wconf 77' lang='lat' dir='ltr'>inserviendum,</span> 
     </span>
    </p>
   </div>
   <div class='ocr_carea' id='block_1_3' title="bbox 377 714 1351 828">
    <p class='ocr_par' dir='ltr' id='par_1_3' title="bbox 377 714 1351 828">
     <span class='ocr_line' id='line_1_6' title="bbox 377 714 1351 828; baseline 0.01 -34"><span class='ocrx_word' id='word_1_25' title='bbox 377 753 382 764; x_wconf 74' lang='lat'>=</span> <span class='ocrx_word' id='word_1_26' title='bbox 438 741 529 799; x_wconf 90' lang='lat' dir='ltr'>cum</span> <span class='ocrx_word' id='word_1_27' title='bbox 562 714 810 824; x_wconf 82' lang='lat' dir='ltr'>Regularum</span> <span class='ocrx_word' id='word_1_28' title='bbox 861 715 1055 825; x_wconf 80' lang='lat' dir='ltr'>exigenda</span> <span class='ocrx_word' id='word_1_29' title='bbox 1096 717 1351 828; x_wconf 80' lang='lat' dir='ltr'>observatio,</span> 
     </span>
    </p>
   </div>
   <div class='ocr_carea' id='block_1_4' title="bbox 435 833 1351 943">
    <p class='ocr_par' dir='ltr' id='par_1_4' title="bbox 435 833 1351 943">
     <span class='ocr_line' id='line_1_7' title="bbox 435 833 1351 943; baseline 0.01 -32"><span class='ocrx_word' id='word_1_30' title='bbox 435 857 502 914; x_wconf 85' lang='lat' dir='ltr'>aut</span> <span class='ocrx_word' id='word_1_31' title='bbox 535 857 663 914; x_wconf 86' lang='lat' dir='ltr'>errata</span> <span class='ocrx_word' id='word_1_32' title='bbox 697 833 955 937; x_wconf 81' lang='lat' dir='ltr'>poenitentiis</span> <span class='ocrx_word' id='word_1_33' title='bbox 990 833 1263 943; x_wconf 76' lang='lat' dir='ltr'>corrigenda,</span> <span class='ocrx_word' id='word_1_34' title='bbox 1291 863 1351 920; x_wconf 88' lang='lat' dir='ltr'>aut</span> 
     </span>
    </p>
   </div>
   <div class='ocr_carea' id='block_1_5' title="bbox 320 946 1349 1176">
    <p class='ocr_par' dir='ltr' id='par_1_5' title="bbox 320 946 1349 1176">
     <span class='ocr_line' id='line_1_8' title="bbox 320 946 1349 1055; baseline 0.002 -23"><span class='ocrx_word' id='word_1_35' title='bbox 320 1025 323 1032; x_wconf 24' lang='grc' dir='ltr'>ι</span> <span class='ocrx_word' id='word_1_36' title='bbox 435 946 486 1029; x_wconf 88' lang='lat' dir='ltr'>iis</span> <span class='ocrx_word' id='word_1_37' title='bbox 504 948 668 1055; x_wconf 85' lang='lat' dir='ltr'>affinia,</span> <span class='ocrx_word' id='word_1_38' title='bbox 687 948 889 1054; x_wconf 82' lang='lat' dir='ltr'>Remotis,</span> <span class='ocrx_word' id='word_1_39' title='bbox 910 948 1185 1036; x_wconf 87' lang='lat' dir='ltr'>autMinistri</span> <span class='ocrx_word' id='word_1_40' title='bbox 1206 983 1349 1038; x_wconf 87' lang='lat' dir='ltr'>munus</span> 
     </span>
     <span class='ocr_line' id='line_1_9' title="bbox 436 1061 1067 1176; baseline 0.011 -32"><span class='ocrx_word' id='word_1_41' title='bbox 436 1061 546 1170; x_wconf 84' lang='lat' dir='ltr'>erit,</span> <span class='ocrx_word' id='word_1_42' title='bbox 576 1064 829 1150; x_wconf 88' lang='lat' dir='ltr'>Instructore</span> <span class='ocrx_word' id='word_1_43' title='bbox 847 1068 1036 1176; x_wconf 86' lang='lat' dir='ltr'>consulto</span> <span class='ocrx_word' id='word_1_44' title='bbox 1055 1129 1067 1151; x_wconf 89' lang='lat'><strong>.</strong></span> 
     </span>
    </p>
   </div>
   <div class='ocr_carea' id='block_1_6' title="bbox 433 1179 1350 1641">
    <p class='ocr_par' dir='ltr' id='par_1_6' title="bbox 433 1179 1350 1641">
     <span class='ocr_line' id='line_1_10' title="bbox 500 1179 1348 1288; baseline 0 -20"><span class='ocrx_word' id='word_1_45' title='bbox 500 1208 563 1268; x_wconf 87' lang='grc' dir='ltr'>ιι.</span> <span class='ocrx_word' id='word_1_46' title='bbox 581 1179 679 1268; x_wconf 82' lang='grc' dir='ltr'>Νοιι</span> <span class='ocrx_word' id='word_1_47' title='bbox 698 1183 888 1280; x_wconf 80' lang='lat' dir='ltr'>scribent,</span> <span class='ocrx_word' id='word_1_48' title='bbox 904 1209 979 1264; x_wconf 90' lang='lat' dir='ltr'>nec</span> <span class='ocrx_word' id='word_1_49' title='bbox 993 1180 1189 1288; x_wconf 86' lang='lat' dir='ltr'>accipient</span> <span class='ocrx_word' id='word_1_50' title='bbox 1202 1185 1348 1280; x_wconf 26' lang='lat' dir='ltr'>,litteras</span> 
     </span>
     <span class='ocr_line' id='line_1_11' title="bbox 436 1293 1350 1406; baseline 0.005 -29"><span class='ocrx_word' id='word_1_51' title='bbox 436 1293 673 1406; x_wconf 85' lang='lat' dir='ltr'>officiosas,</span> <span class='ocrx_word' id='word_1_52' title='bbox 705 1297 1060 1402; x_wconf 87' lang='lat' dir='ltr'>multoqueminus</span> <span class='ocrx_word' id='word_1_53' title='bbox 1079 1297 1265 1384; x_wconf 88' lang='lat' dir='ltr'>derebus</span> <span class='ocrx_word' id='word_1_54' title='bbox 1286 1332 1350 1383; x_wconf 92' lang='lat' dir='ltr'>no·</span> 
     </span>
     <span class='ocr_line' id='line_1_12' title="bbox 434 1409 1347 1526; baseline 0.005 -33"><span class='ocrx_word' id='word_1_55' title='bbox 434 1412 497 1494; x_wconf 87' lang='lat' dir='ltr'>vis</span> <span class='ocrx_word' id='word_1_56' title='bbox 531 1417 657 1500; x_wconf 87' lang='lat' dir='ltr'>ullam</span> <span class='ocrx_word' id='word_1_57' title='bbox 690 1409 732 1498; x_wconf 81' lang='lat' dir='ltr'>in</span> <span class='ocrx_word' id='word_1_58' title='bbox 766 1440 947 1525; x_wconf 80' lang='lat' dir='ltr'>partem:</span> <span class='ocrx_word' id='word_1_59' title='bbox 980 1415 1050 1496; x_wconf 85' lang='lat' dir='ltr'>sed</span> <span class='ocrx_word' id='word_1_60' title='bbox 1077 1440 1169 1497; x_wconf 89' lang='lat' dir='ltr'>cum</span> <span class='ocrx_word' id='word_1_61' title='bbox 1187 1417 1347 1526; x_wconf 71' lang='lat' dir='ltr'>alicujus</span> 
     </span>
     <span class='ocr_line' id='line_1_13' title="bbox 433 1528 1345 1641; baseline 0.004 -28"><span class='ocrx_word' id='word_1_62' title='bbox 433 1532 636 1616; x_wconf 86' lang='lat' dir='ltr'>momenti</span> <span class='ocrx_word' id='word_1_63' title='bbox 669 1532 881 1641; x_wconf 84' lang='lat' dir='ltr'>negotium</span> <span class='ocrx_word' id='word_1_64' title='bbox 917 1528 1027 1636; x_wconf 79' lang='lat' dir='ltr'>erit,</span> <span class='ocrx_word' id='word_1_65' title='bbox 1067 1528 1250 1639; x_wconf 82' lang='lat' dir='ltr'>dispiciat</span> <span class='ocrx_word' id='word_1_66' title='bbox 1283 1537 1345 1618; x_wconf 89' lang='lat' dir='ltr'>ln·</span> 
     </span>
    </p>
   </div>
   <div class='ocr_carea' id='block_1_7' title="bbox 240 1646 1346 1756">
    <p class='ocr_par' dir='ltr' id='par_1_7' title="bbox 240 1646 1346 1756">
     <span class='ocr_line' id='line_1_14' title="bbox 240 1646 1346 1756; baseline 0.008 -32"><span class='ocrx_word' id='word_1_67' title='bbox 240 1659 279 1677; x_wconf 86' lang='grc'>··</span> <span class='ocrx_word' id='word_1_68' title='bbox 369 1690 379 1712; x_wconf 87' lang='lat'><strong>·</strong></span> <span class='ocrx_word' id='word_1_69' title='bbox 435 1673 639 1746; x_wconf 83' lang='lat' dir='ltr'>structor,</span> <span class='ocrx_word' id='word_1_70' title='bbox 673 1677 798 1756; x_wconf 89' lang='lat' dir='ltr'>penes</span> <span class='ocrx_word' id='word_1_71' title='bbox 815 1677 931 1753; x_wconf 89' lang='lat' dir='ltr'>quem</span> <span class='ocrx_word' id='word_1_72' title='bbox 963 1646 1143 1756; x_wconf 79' lang='lat' dir='ltr'>sigillum</span> <span class='ocrx_word' id='word_1_73' title='bbox 1164 1653 1272 1755; x_wconf 89' lang='lat' dir='ltr'>erit,</span> <span class='ocrx_word' id='word_1_74' title='bbox 1301 1681 1346 1733; x_wconf 86' lang='lat' dir='ltr'>:m</span> 
     </span>
    </p>
   </div>
   <div class='ocr_carea' id='block_1_8' title="bbox 183 2933 416 3176">
    <p class='ocr_par' dir='ltr' id='par_1_8' title="bbox 183 2933 415 3176">
     <span class='ocr_line' id='line_1_15' title="bbox 183 2933 415 2993; baseline 0 -2"><span class='ocrx_word' id='word_1_75' title='bbox 183 2933 349 2992; x_wconf 78' lang='lat' dir='ltr'>instructor</span> <span class='ocrx_word' id='word_1_76' title='bbox 364 2951 415 2993; x_wconf 79' lang='lat' dir='ltr'>eos</span> 
     </span>
     <span class='ocr_line' id='line_1_16' title="bbox 184 3015 414 3091; baseline 0 -17"><span class='ocrx_word' id='word_1_77' title='bbox 184 3015 354 3091; x_wconf 81' lang='lat' dir='ltr'>alloquatur</span> <span class='ocrx_word' id='word_1_78' title='bbox 365 3035 414 3074; x_wconf 75' lang='lat' dir='ltr'>sz-</span> 
     </span>
     <span class='ocr_line' id='line_1_17' title="bbox 183 3099 416 3176; baseline 0.022 -23"><span class='ocrx_word' id='word_1_79' title='bbox 183 3113 230 3176; x_wconf 81' lang='lat' dir='ltr'>pe,</span> <span class='ocrx_word' id='word_1_80' title='bbox 241 3099 288 3153; x_wconf 85' lang='lat'>&amp;&#39;</span> <span class='ocrx_word' id='word_1_81' title='bbox 279 3113 416 3158; x_wconf 72' lang='lat' dir='ltr'>mutuat·</span> 
     </span>
    </p>
   </div>
   <div class='ocr_carea' id='block_1_9' title="bbox 429 1764 1361 3157">
    <p class='ocr_par' dir='ltr' id='par_1_9' title="bbox 429 1764 1361 3157">
     <span class='ocr_line' id='line_1_18' title="bbox 433 1764 1342 1875; baseline 0.002 -27"><span class='ocrx_word' id='word_1_82' title='bbox 433 1765 587 1850; x_wconf 78' lang='lat' dir='ltr'>lit-teras</span> <span class='ocrx_word' id='word_1_83' title='bbox 604 1766 714 1848; x_wconf 85' lang='lat' dir='ltr'>reddi</span> <span class='ocrx_word' id='word_1_84' title='bbox 728 1764 976 1866; x_wconf 81' lang='lat' dir='ltr'>conveniat,</span> <span class='ocrx_word' id='word_1_85' title='bbox 1006 1791 1075 1846; x_wconf 83' lang='lat' dir='ltr'>aut</span> <span class='ocrx_word' id='word_1_86' title='bbox 1088 1768 1342 1875; x_wconf 89' lang='lat' dir='ltr'>responderi.</span> 
     </span>
     <span class='ocr_line' id='line_1_19' title="bbox 497 1880 1340 1992; baseline -0.009 -22"><span class='ocrx_word' id='word_1_87' title='bbox 497 1905 566 1970; x_wconf 88' lang='lat'>12.</span> <span class='ocrx_word' id='word_1_88' title='bbox 595 1883 660 1966; x_wconf 86' lang='lat' dir='ltr'>Ad</span> <span class='ocrx_word' id='word_1_89' title='bbox 679 1881 872 1978; x_wconf 91' lang='lat' dir='ltr'>vineam,</span> <span class='ocrx_word' id='word_1_90' title='bbox 904 1908 972 1965; x_wconf 89' lang='lat' dir='ltr'>aut</span> <span class='ocrx_word' id='word_1_91' title='bbox 988 1880 1186 1992; x_wconf 82' lang='lat' dir='ltr'>praedium</span> <span class='ocrx_word' id='word_1_92' title='bbox 1201 1905 1340 1970; x_wconf 83' lang='lat' dir='ltr'>recrea·</span> 
     </span>
     <span class='ocr_line' id='line_1_20' title="bbox 432 1994 1344 2107; baseline 0 -27"><span class='ocrx_word' id='word_1_93' title='bbox 432 1994 559 2083; x_wconf 91' lang='lat' dir='ltr'>tionis</span> <span class='ocrx_word' id='word_1_94' title='bbox 576 2028 694 2082; x_wconf 88' lang='lat' dir='ltr'>causa</span> <span class='ocrx_word' id='word_1_95' title='bbox 713 1995 819 2082; x_wconf 92' lang='lat' dir='ltr'>mitti</span> <span class='ocrx_word' id='word_1_96' title='bbox 837 2003 1031 2107; x_wconf 89' lang='lat' dir='ltr'>poterunt</span> <span class='ocrx_word' id='word_1_97' title='bbox 1051 1996 1223 2106; x_wconf 84' lang='lat' dir='ltr'>singulis</span> <span class='ocrx_word' id='word_1_98' title='bbox 1239 2029 1344 2082; x_wconf 88' lang='lat' dir='ltr'>men-</span> 
     </span>
     <span class='ocr_line' id='line_1_21' title="bbox 435 2111 1343 2225; baseline -0.002 -29"><span class='ocrx_word' id='word_1_99' title='bbox 435 2111 546 2196; x_wconf 87' lang='lat' dir='ltr'>sibus</span> <span class='ocrx_word' id='word_1_100' title='bbox 568 2177 581 2219; x_wconf 86' lang='lat'>‚</span> <span class='ocrx_word' id='word_1_101' title='bbox 613 2115 820 2202; x_wconf 79' lang='lat' dir='ltr'>ueletiam</span> <span class='ocrx_word' id='word_1_102' title='bbox 839 2115 1022 2225; x_wconf 84' lang='lat' dir='ltr'>saepius,</span> <span class='ocrx_word' id='word_1_103' title='bbox 1054 2113 1088 2196; x_wconf 85' lang='lat' dir='ltr'>si</span> <span class='ocrx_word' id='word_1_104' title='bbox 1107 2114 1343 2201; x_wconf 86' lang='lat' dir='ltr'>Provinciali</span> 
     </span>
     <span class='ocr_line' id='line_1_22' title="bbox 433 2229 1361 2325; baseline -0.012 0"><span class='ocrx_word' id='word_1_105' title='bbox 433 2237 663 2325; x_wconf 86' lang='lat' dir='ltr'>videbitur.</span> <span class='ocrx_word' id='word_1_106' title='bbox 694 2232 746 2316; x_wconf 93' lang='lat' dir='ltr'>In</span> <span class='ocrx_word' id='word_1_107' title='bbox 781 2229 1092 2317; x_wconf 87' lang='lat' dir='ltr'>hebdomadaria</span> <span class='ocrx_word' id='word_1_108' title='bbox 1124 2261 1262 2317; x_wconf 84' lang='lat' dir='ltr'>autent</span> <span class='ocrx_word' id='word_1_109' title='bbox 1280 2259 1361 2315; x_wconf 53' lang='lat' dir='ltr'>rea</span> 
     </span>
     <span class='ocr_line' id='line_1_23' title="bbox 432 2345 1360 2460; baseline -0.013 -22"><span class='ocrx_word' id='word_1_110' title='bbox 432 2354 638 2438; x_wconf 83' lang='lat' dir='ltr'>creatione</span> <span class='ocrx_word' id='word_1_111' title='bbox 659 2347 884 2435; x_wconf 86' lang='lat' dir='ltr'>servabttur</span> <span class='ocrx_word' id='word_1_112' title='bbox 896 2346 1056 2458; x_wconf 80' lang='lat' dir='ltr'>Regula</span> <span class='ocrx_word' id='word_1_113' title='bbox 1075 2352 1149 2438; x_wconf 78' lang='lat'>62</span> <span class='ocrx_word' id='word_1_114' title='bbox 1165 2345 1360 2460; x_wconf 81' lang='lat' dir='ltr'>Magistri</span> 
     </span>
     <span class='ocr_line' id='line_1_24' title="bbox 429 2440 1359 2598; baseline -0.006 -45"><span class='ocrx_word' id='word_1_115' title='bbox 429 2467 725 2554; x_wconf 85' lang='lat' dir='ltr'>Novitiorum.</span> <span class='ocrx_word' id='word_1_116' title='bbox 752 2440 876 2554; x_wconf 81' lang='lat' dir='ltr'>Extra</span> <span class='ocrx_word' id='word_1_117' title='bbox 894 2478 1075 2573; x_wconf 83' lang='lat' dir='ltr'>tempora</span> <span class='ocrx_word' id='word_1_118' title='bbox 1106 2469 1229 2574; x_wconf 84' lang='lat' dir='ltr'>porro</span> <span class='ocrx_word' id='word_1_119' title='bbox 1250 2496 1359 2598; x_wconf 84' lang='lat' dir='ltr'>quo-</span> 
     </span>
     <span class='ocr_line' id='line_1_25' title="bbox 430 2572 1359 2693; baseline -0.011 -21"><span class='ocrx_word' id='word_1_120' title='bbox 430 2588 603 2676; x_wconf 82' lang='lat' dir='ltr'>tidianee</span> <span class='ocrx_word' id='word_1_121' title='bbox 625 2579 889 2670; x_wconf 86' lang='lat' dir='ltr'>recreationis</span> <span class='ocrx_word' id='word_1_122' title='bbox 920 2580 1137 2664; x_wconf 88' lang='lat' dir='ltr'>concedi</span> <span class='ocrx_word' id='word_1_123' title='bbox 1103 2611 1161 2666; x_wconf 86' lang='lat' dir='ltr'>ets</span> <span class='ocrx_word' id='word_1_124' title='bbox 1179 2572 1359 2693; x_wconf 87' lang='lat' dir='ltr'>poterit,</span> 
     </span>
     <span class='ocr_line' id='line_1_26' title="bbox 429 2697 1358 2804; baseline -0.009 -16"><span class='ocrx_word' id='word_1_125' title='bbox 429 2703 531 2790; x_wconf 90' lang='lat' dir='ltr'>utin</span> <span class='ocrx_word' id='word_1_126' title='bbox 548 2707 667 2788; x_wconf 89' lang='lat' dir='ltr'>horto</span> <span class='ocrx_word' id='word_1_127' title='bbox 683 2701 809 2804; x_wconf 86' lang='lat' dir='ltr'>aliqua</span> <span class='ocrx_word' id='word_1_128' title='bbox 837 2697 916 2790; x_wconf 85' lang='lat' dir='ltr'>diei</span> <span class='ocrx_word' id='word_1_129' title='bbox 947 2697 1046 2782; x_wconf 86' lang='lat' dir='ltr'>hora</span> <span class='ocrx_word' id='word_1_130' title='bbox 1071 2697 1358 2794; x_wconf 71' lang='lat' dir='ltr'>deambulent,</span> 
     </span>
     <span class='ocr_line' id='line_1_27' title="bbox 429 2810 1357 2929; baseline -0.005 -23"><span class='ocrx_word' id='word_1_131' title='bbox 429 2821 498 2906; x_wconf 88' lang='lat' dir='ltr'>sed</span> <span class='ocrx_word' id='word_1_132' title='bbox 523 2819 673 2929; x_wconf 80' lang='lat' dir='ltr'>singuli</span> <span class='ocrx_word' id='word_1_133' title='bbox 702 2810 901 2911; x_wconf 84' lang='lat' dir='ltr'>seorsim,</span> <span class='ocrx_word' id='word_1_134' title='bbox 932 2810 1013 2897; x_wconf 74' lang='grc' dir='ltr'>δι</span> <span class='ocrx_word' id='word_1_135' title='bbox 1002 2845 1045 2900; x_wconf 91' lang='lat' dir='ltr'>tn</span> <span class='ocrx_word' id='word_1_136' title='bbox 1074 2816 1272 2902; x_wconf 82' lang='lat' dir='ltr'>silentio.</span> <span class='ocrx_word' id='word_1_137' title='bbox 1356 2865 1357 2891; x_wconf 78' lang='grc' dir='ltr'>ι</span> 
     </span>
     <span class='ocr_line' id='line_1_28' title="bbox 491 2930 1356 3048; baseline -0.007 -28"><span class='ocrx_word' id='word_1_138' title='bbox 491 2965 560 3048; x_wconf 79' lang='lat'>13.</span> <span class='ocrx_word' id='word_1_139' title='bbox 592 2930 898 3020; x_wconf 76' lang='lat' dir='ltr'>provincialem</span> <span class='ocrx_word' id='word_1_140' title='bbox 916 2938 965 3012; x_wconf 85' lang='lat' dir='ltr'>de</span> <span class='ocrx_word' id='word_1_141' title='bbox 983 2933 1242 3040; x_wconf 71' lang='lat' dir='ltr'>singulorum</span> <span class='ocrx_word' id='word_1_142' title='bbox 1275 2955 1356 3039; x_wconf 77' lang='lat' dir='ltr'>sta·</span> 
     </span>
     <span class='ocr_line' id='line_1_29' title="bbox 430 3044 1340 3157; baseline -0.002 -21"><span class='ocrx_word' id='word_1_143' title='bbox 430 3080 476 3137; x_wconf 94' lang='lat' dir='ltr'>tu</span> <span class='ocrx_word' id='word_1_144' title='bbox 500 3053 713 3137; x_wconf 89' lang='lat' dir='ltr'>certiorem</span> <span class='ocrx_word' id='word_1_145' title='bbox 733 3075 842 3157; x_wconf 81' lang='lat' dir='ltr'>saepe</span> <span class='ocrx_word' id='word_1_146' title='bbox 856 3044 1005 3156; x_wconf 84' lang='lat' dir='ltr'>faciet,</span> <span class='ocrx_word' id='word_1_147' title='bbox 1039 3050 1227 3153; x_wconf 81' lang='lat' dir='ltr'>quibus</span> <span class='ocrx_word' id='word_1_148' title='bbox 1216 3071 1340 3135; x_wconf 69' lang='lat' dir='ltr'>trema</span> 
     </span>
    </p>
   </div>
   <div class='ocr_carea' id='block_1_10' title="bbox 326 3165 1354 3394">
    <p class='ocr_par' dir='ltr' id='par_1_10' title="bbox 326 3165 1354 3394">
     <span class='ocr_line' id='line_1_30' title="bbox 326 3165 1336 3270; baseline -0.009 -17"><span class='ocrx_word' id='word_1_149' title='bbox 326 3261 328 3266; x_wconf 57' lang='grc'>,</span> <span class='ocrx_word' id='word_1_150' title='bbox 429 3166 646 3254; x_wconf 87' lang='lat' dir='ltr'>defectibus</span> <span class='ocrx_word' id='word_1_151' title='bbox 663 3165 965 3250; x_wconf 84' lang='lat' dir='ltr'>emendentur.</span> <span class='ocrx_word' id='word_1_152' title='bbox 997 3171 1181 3270; x_wconf 79' lang='lat' dir='ltr'>Eamque</span> <span class='ocrx_word' id='word_1_153' title='bbox 1197 3167 1251 3251; x_wconf 93' lang='lat' dir='ltr'>ob</span> <span class='ocrx_word' id='word_1_154' title='bbox 1268 3193 1336 3249; x_wconf 86' lang='lat' dir='ltr'>cau·</span> 
     </span>
     <span class='ocr_line' id='line_1_31' title="bbox 415 3279 1354 3394; baseline -0.007 -24"><span class='ocrx_word' id='word_1_155' title='bbox 415 3281 518 3370; x_wconf 65' lang='lat' dir='ltr'>&#39;sam</span> <span class='ocrx_word' id='word_1_156' title='bbox 536 3313 701 3394; x_wconf 78' lang='lat' dir='ltr'>,atque</span> <span class='ocrx_word' id='word_1_157' title='bbox 735 3308 781 3364; x_wconf 90' lang='lat' dir='ltr'>ut</span> <span class='ocrx_word' id='word_1_158' title='bbox 812 3279 1059 3366; x_wconf 84' lang='lat' dir='ltr'>fructuosius</span> <span class='ocrx_word' id='word_1_159' title='bbox 1091 3312 1161 3368; x_wconf 90' lang='lat' dir='ltr'>eos</span> <span class='ocrx_word' id='word_1_160' title='bbox 1195 3310 1338 3394; x_wconf 91' lang='lat' dir='ltr'>promo</span> <span class='ocrx_word' id='word_1_161' title='bbox 1353 3299 1354 3331; x_wconf 39' lang='grc' dir='ltr'>ι</span> 
     </span>
    </p>
   </div>
   <div class='ocr_carea' id='block_1_11' title="bbox 427 3398 1353 3613">
    <p class='ocr_par' dir='ltr' id='par_1_11' title="bbox 427 3398 1353 3626">
     <span class='ocr_line' id='line_1_32' title="bbox 427 3398 1353 3510; baseline -0.011 -21"><span class='ocrx_word' id='word_1_162' title='bbox 427 3431 543 3502; x_wconf 77' lang='lat' dir='ltr'>reat,</span> <span class='ocrx_word' id='word_1_163' title='bbox 573 3402 800 3506; x_wconf 79' lang='lat' dir='ltr'>frequenter</span> <span class='ocrx_word' id='word_1_164' title='bbox 826 3398 919 3480; x_wconf 89' lang='lat' dir='ltr'>illos</span> <span class='ocrx_word' id='word_1_165' title='bbox 938 3398 1235 3510; x_wconf 84' lang='lat' dir='ltr'>interrogabit,</span> <span class='ocrx_word' id='word_1_166' title='bbox 1263 3428 1353 3505; x_wconf 78' lang='lat' dir='ltr'>quot</span> 
     </span>
     <span class='ocr_line' id='line_1_33' title="bbox 428 3514 1339 3613; baseline -0.009 -9"><span class='ocrx_word' id='word_1_167' title='bbox 428 3519 600 3612; x_wconf 86' lang='lat' dir='ltr'>modo</span> <span class='ocrx_word' id='word_1_168' title='bbox 590 3549 633 3603; x_wconf 88' lang='lat' dir='ltr'>tn</span> <span class='ocrx_word' id='word_1_169' title='bbox 667 3514 867 3600; x_wconf 85' lang='lat' dir='ltr'>orationis</span> <span class='ocrx_word' id='word_1_170' title='bbox 900 3514 1174 3613; x_wconf 85' lang='lat' dir='ltr'>industria,</span> <span class='ocrx_word' id='word_1_171' title='bbox 1164 3549 1207 3603; x_wconf 88' lang='lat' dir='ltr'>tn</span> <span class='ocrx_word' id='word_1_172' title='bbox 1242 3543 1339 3601; x_wconf 86' lang='lat' dir='ltr'>coer·</span> 
     </span>
    </p>
   </div>
   <div class='ocr_carea' id='block_1_12' title="bbox 368 3628 1339 3866">
    <p class='ocr_par' dir='ltr' id='par_1_12' title="bbox 368 3628 1339 3866">
     <span class='ocr_line' id='line_1_34' title="bbox 382 3628 1339 3745; baseline -0.013 -20"><span class='ocrx_word' id='word_1_173' title='bbox 382 3726 385 3735; x_wconf 79' lang='grc'>,</span> <span class='ocrx_word' id='word_1_174' title='bbox 426 3638 566 3725; x_wconf 83' lang='lat' dir='ltr'>condis</span> <span class='ocrx_word' id='word_1_175' title='bbox 584 3633 829 3718; x_wconf 86' lang='lat' dir='ltr'>affectibus</span> <span class='ocrx_word' id='word_1_176' title='bbox 818 3686 833 3729; x_wconf 94' lang='lat'>,</span> <span class='ocrx_word' id='word_1_177' title='bbox 861 3628 905 3714; x_wconf 90' lang='lat' dir='ltr'>in</span> <span class='ocrx_word' id='word_1_178' title='bbox 924 3634 1162 3745; x_wconf 87' lang='lat' dir='ltr'>superandis</span> <span class='ocrx_word' id='word_1_179' title='bbox 1183 3635 1339 3721; x_wconf 83' lang='lat' dir='ltr'>difficul</span> 
     </span>
     <span class='ocr_line' id='line_1_35' title="bbox 368 3748 1338 3866; baseline -0.012 -25"><span class='ocrx_word' id='word_1_180' title='bbox 368 3855 374 3866; x_wconf 26' lang='lat'>¹</span> <span class='ocrx_word' id='word_1_181' title='bbox 427 3750 629 3853; x_wconf 75' lang='lat' dir='ltr'>tatibus,</span> <span class='ocrx_word' id='word_1_182' title='bbox 622 3781 665 3834; x_wconf 85' lang='lat' dir='ltr'>tn</span> <span class='ocrx_word' id='word_1_183' title='bbox 683 3748 877 3836; x_wconf 76' lang='lat' dir='ltr'>continua</span> <span class='ocrx_word' id='word_1_184' title='bbox 891 3777 1026 3836; x_wconf 89' lang='lat' dir='ltr'>rerum</span> <span class='ocrx_word' id='word_1_185' title='bbox 1047 3753 1236 3840; x_wconf 88' lang='lat' dir='ltr'>omnium</span> <span class='ocrx_word' id='word_1_186' title='bbox 1255 3775 1338 3837; x_wconf 81' lang='lat' dir='ltr'>mor</span> 
     </span>
    </p>
   </div>
   <div class='ocr_carea' id='block_1_13' title="bbox 1222 3862 1337 3951">
    <p class='ocr_par' dir='ltr' id='par_1_13' title="bbox 1222 3862 1337 3951">
     <span class='ocr_line' id='line_1_36' title="bbox 1222 3862 1337 3951; baseline -0.043 0"><span class='ocrx_word' id='word_1_187' title='bbox 1222 3913 1228 3928; x_wconf 94' lang='lat'><strong>·</strong></span> <span class='ocrx_word' id='word_1_188' title='bbox 1268 3862 1337 3951; x_wconf 81' lang='lat' dir='ltr'>tifi-</span> 
     </span>
    </p>
   </div>
   <div class='ocr_carea' id='block_1_14' title="bbox 0 0 1382 4336">
    <p class='ocr_par' dir='ltr' id='par_1_14' title="bbox 0 0 1382 4336">
     <span class='ocr_line' id='line_1_37' title="bbox 0 0 1382 4336; baseline 0 5"><span class='ocrx_word' id='word_1_189' title='bbox 0 0 1382 4336; x_wconf 95' lang='lat' dir='ltr'> </span> 
     </span>
    </p>
   </div>
  </div>
 </body>
</html>
