2716 4332
172 443 402 508 otdtaauaaad
477 439 574 542 134.
605 408 713 518 Quae
735 413 784 496 ad
802 413 1141 523 gubernationem
1159 435 1346 522 spectan·

172 529 428 687 diffiido.
416 526 472 610 tia
487 525 564 637 ipsi
552 527 804 614 ordinanda
825 529 1097 627 videbuntur,
1128 528 1246 634 haec,
1286 559 1339 638 ve

172 690 215 745 ua
229 687 401 766 expendes
418 642 531 727 illa'·
507 673 553 726 ns
567 669 688 728 enam
701 643 964 759 expendenda
983 646 1109 728 tradat
1128 704 1160 756 ‚
1174 671 1281 748 quos
1303 649 1357 728 d·.

175 767 243 836 ‘³²
275 770 402 846 neuque
418 785 659 866 unaquaque
674 781 719 844 re
738 763 883 844 melius
902 760 1074 868 judicare
1104 787 1230 870 posse
1249 791 1335 848 con

152 848 393 986 .{,¹¹¹'⁰‘¹¹d²¹¹'
417 867 544 963 fidat.
574 877 629 961 Et
648 905 862 981 antequam
881 877 1063 960 ultimam
1088 877 1324 963 execution
1335 918 1358 941 -·

131 988 147 1017 a

421 1019 588 1078 manum
603 991 749 1075 rebus
739 1017 947 1101 imponat,
968 993 1108 1076 omnia
1124 995 1166 1076 in
1182 991 1355 1078 Oratio-

417 1104 543 1212 nibus
560 1159 574 1202 ‚
602 1106 646 1192 8ι
663 1107 881 1190 Missurum
898 1107 1105 1192 sacrificiis
1120 1107 1211 1193 Deo
1228 1141 1356 1196 com-

418 1223 584 1309 mendet
596 1277 618 1325 ,,
642 1251 685 1306 ut
704 1229 814 1334 juxte
843 1225 968 1334 ipsius
986 1221 1186 1310 Divinum
1202 1227 1354 1312 Bene-

416 1337 608 1451 placitum
623 1341 873 1448 dirigantur

213 1504 360 1577 Quanam
478 1485 527 1572 13
535 1484 574 1569 5
609 1459 825 1586 Postquam
843 1481 978 1539 autem
993 1457 1095 1565 apud
1125 1483 1169 1540 se
1194 1463 1349 1548 omnia

192 1575 389 1662 expungenda
414 1573 737 1656 constituentes
754 1572 974 1681 praeteritae
984 1572 1244 1658 Visitationis
1258 1609 1350 1662 me*

174 1677 366 1809 vffssit{{ss‡{
357 1676 386 1720 '⁸
412 1687 584 1778 moniali,
597 1686 666 1769 ubi
683 1717 836 1792 rerum,
849 1715 940 1790 quae
953 1691 1207 1796 temporariae
1222 1719 1346 1795 sunt,

411 1801 687 1887 ordinationes
706 1804 960 1901 scribuntur,
978 1832 1059 1900 eas,
1077 1832 1166 1909 quae
1188 1835 1346 1895 execu-

410 1915 513 2002 tioni
533 1918 733 2006 mandatae
748 1919 929 2013 fuerint,
959 1947 1190 2029 expungat.
1209 1924 1262 2007 In
1287 1929 1346 2011 li

307 2091 309 2100 ,
408 2028 630 2141 browero,
661 2036 809 2142 inquo
839 2035 1008 2120 nonnisi
1039 2038 1204 2147 majoris
1235 2071 1340 2126 mo

407 2175 538 2232 menti
526 2095 829 2238 ordinationes
843 2149 1067 2239 scribendae
1083 2181 1227 2256 erunt,
1247 2158 1341 2266 ipse

406 2286 454 2346 ea
474 2287 631 2351 tantum
651 2268 819 2366 scribet,
851 2295 995 2373 suaque
1012 2297 1135 2354 manu
1153 2269 1337 2358 subscri

404 2374 498 2486 bet,
529 2409 725 2490 quaecum
736 2385 927 2484 Generali
944 2387 1304 2478 communicaverit
1316 2450 1336 2502 ‚

375 2525 380 2530 ’
404 2491 612 2615 &abipso
626 2501 779 2591 fiterint
795 2501 1035 2618 approbata.
1118 2638 1120 2642 Δ
