2716 4332
415 189 485 312 ³⁶4
688 189 1092 282 escuem

172 381 301 443 vacam
316 395 406 464 gene·
479 369 555 458 37·
584 335 626 443 ᾗ.
650 338 1014 425 summersam
1027 340 1270 424 vacationes
1291 367 1318 453 g

172 463 265 524 utu·
418 464 579 550 neralos
604 452 808 538 Classium
840 453 1103 566 Superiorum
1141 363 1339 576 breviord

418 603 507 660 non
524 574 606 654 sint
621 597 707 653 uno
724 570 900 670 Mense,
931 599 1008 656 nec
1020 574 1234 682 longiores
1258 577 1339 664 dud

419 687 525 772 bus·
546 685 767 772 Rethorica-
794 748 810 794 ,
841 687 925 770 nisi
961 717 1051 772 mos
1081 691 1340 774 Universum

415 805 469 889 tis
487 804 593 888 aliud
605 805 766 912 exigat,
793 805 948 886 Mense
965 832 1077 889 vacet
1096 871 1106 890 .
1141 797 1340 892 Hu'manie

415 948 476 1006 tas
509 920 636 1006 tribus
659 916 954 1005 hebdomadis.
985 919 1183 1033 Suprema
1202 921 1340 1006 Gram-

413 1037 575 1125 maticos
593 1037 746 1118 duabus
764 1093 780 1143 ‚
811 1065 894 1141 uua
910 1063 1076 1121 tantum
1088 1039 1263 1146 reliquae
1276 1103 1293 1123 ..
1340 1041 1341 1112 ἰ

473 1155 513 1259 ᾗ.
528 1184 570 1244 o.
601 1155 659 1238 Ut
675 1153 798 1251 certi,
830 1154 1005 1258 stetique
1022 1156 1108 1238 siut
1122 1155 1209 1238 dies
1226 1156 1341 1264 festi,

411 1295 585 1380 quorum
612 1296 833 1386 numerum
862 1269 995 1352 minui
1028 1269 1190 1379 magis,
1224 1302 1342 1376 quem

341 1461 345 1468 ,
412 1391 549 1499 augeri
568 1411 727 1499 oportet
748 1442 763 1492 ‚
793 1411 936 1469 eorum
951 1384 1196 1495 catalogum
1214 1391 1340 1474 confi-

410 1505 599 1592 ciendum
618 1528 730 1585 curet
750 1528 822 1611 pro
844 1530 932 1589 suae
947 1501 1146 1612 Regionis
1161 1505 1276 1590 ritu.

462 1624 513 1727 ς).
532 1653 573 1740 3.
605 1623 646 1702 A
679 1617 990 1725 vigiliaNetalis
1010 1616 1185 1706 Domini
1200 1619 1254 1703 ud
1270 1620 1335 1704 fe-

410 1765 521 1824 stum
555 1763 682 1841 usque
699 1733 1035 1844 Girctrmcisionis
1055 1737 1161 1822 diem
1188 1738 1338 1821 classes

410 1853 677 1968 superiores3
719 1846 929 1937 inferiores
971 1882 1070 1936 vero
1112 1883 1136 1935 a
1170 1856 1339 1938 meridie

409 1971 593 2085 ejusdem
622 1965 783 2076 vigiliae·
808 1995 935 2076 usque
961 1970 1011 2053 ad
1041 1969 1198 2056 festum
1237 1971 1339 2054 diem

411 2085 659 2171 Sanctorum
678 2085 973 2170 Innocentium
991 2113 1170 2172 uacent.
1237 2173 1240 2178 ,

471 2204 573 2312 §.4
603 2203 645 2284 A
670 2199 1019 2312 Quinquagesims
1051 2229 1243 2302 vocetur,
1273 2203 1338 2285 ubi

411 2347 502 2406 mos
522 2318 625 2423 erit,
655 2342 785 2421 usque
803 2320 851 2400 ad
866 2319 1007 2403 teriam
1024 2320 1338 2423 quartemGine

409 2463 534 2536 rum3
564 2463 643 2542 quo
661 2431 800 2522 remen
831 2435 894 2517 die
912 2460 1005 2548 post
1024 2435 1238 2520 meridiem
1253 2435 1336 2519 Me

410 2552 526 2667 gistri
543 2578 691 2634 omnes
707 2549 882 2636 doceant
903 2615 913 2638 .

445 2669 511 2792 N§.
531 2697 570 2781 5.
600 2667 642 2751 A
659 2663 880 2753 Dominica
896 2668 1129 2753 Palmamm
1145 2667 1337 2774 usquead

411 2779 675 2873 Dominicam
693 2783 736 2868 in
756 2785 875 2868 Albis
894 2785 1119 2896 superiores
1153 2787 1306 2868 classes
1324 2813 1337 2886 ;

413 2899 626 2987 inferiores
653 2925 825 2985 autema
843 2902 1010 2990 meridie
1041 2927 1196 3006 quartae
1226 2899 1338 2986 feriae

413 3019 580 3128 majoris
598 3013 860 3102 hebdomadae
878 3046 1004 3127 usque
1020 3018 1069 3105 ad
1084 3015 1226 3102 feriam
1258 3047 1336 3104 ter-

390 3141 393 3148 “
412 3134 516 3218 tiam
532 3132 732 3216 Paschatis
751 3159 892 3218 vacent
911 3195 923 3220 .

472 3248 515 3354 ᾧ.
538 3249 579 3334 6.
609 3247 651 3328 Α-
678 3247 819 3359 vigilia
835 3250 1096 3336 Pentecostes
1117 3251 1160 3335 in
1181 3249 1336 3337 Schotis

363 3377 366 3383 ’
415 3362 728 3477 superioribus3
755 3364 799 3449 in
831 3364 1089 3451 inferioribus
1121 3395 1145 3448 e
1173 3367 1335 3452 meridie

415 3484 598 3592 ejusdem
616 3480 769 3589 vigiliee
791 3483 986 3589 usquead
1005 3480 1147 3568 feriam
1175 3485 1334 3572 tertiam

413 3626 610 3711 vacetur,
640 3595 684 3683 dr
701 3625 898 3712 praeterea
909 3599 1009 3688 ferie
1024 3601 1160 3709 quinte
1178 3659 1191 3686 .

1126 3714 1168 3822 ᾗ.
1185 3741 1229 3829 1.
1247 3715 1333 3804 Pri-
