2788 4330
455 269 509 361 54
712 237 1111 331 REGULAE

216 422 438 493 examinans,
510 387 552 494 d.
570 407 614 501 5.
643 385 799 474 Eodem
829 391 950 474 etiam
971 389 1161 474 examine
1174 385 1386 501 probandi

204 510 258 604 qui
277 522 358 565 ²¹³²
382 503 435 564 ⁵⁰·
453 529 590 606 sunt,
622 506 689 610 qui
719 509 786 590 vel
816 533 951 590 totum
981 533 1146 590 cursum
1177 506 1384 589 Philoso-

161 624 170 630 ’
205 604 357 726 {¹332ss
372 603 435 646 su·
450 621 586 733 phiae,
605 647 671 703 aut
686 625 772 731 ejus
785 649 968 734 partem3
994 626 1061 706 vel
1080 649 1233 732 purtem
1248 622 1384 706 etium

212 727 215 748 ¹
448 740 628 842 -aliquum
658 737 936 846 Theologiee,
966 739 1183 843 antequam
1217 739 1261 821 in
1293 739 1382 820 So-

450 853 635 939 cietatem
655 853 992 962 ingrederentur,
1023 855 1296 961 audiverunt,
1333 882 1380 938 ut

441 971 557 1054 'idern
574 971 621 1052 de
639 969 720 1055 illis
736 970 861 1056 etium
893 994 1116 1054 statuatur:
1147 970 1228 1053 nisi
1267 973 1378 1055 rnal-

88 1167 90 1174 .
208 1115 407 1184 congreg-11·
453 1090 567 1191 lent,
597 1087 702 1192 quod
727 1085 886 1192 emensi
919 1112 1042 1182 sunt,
1073 1087 1238 1171 illorum
1275 1113 1377 1170 stu-

90 1213 93 1220 '
204 1192 295 1252 ”W
307 1209 357 1264 ²4·
369 1191 434 1262 5‘4'
451 1204 609 1286 diorum
627 1202 704 1287 iter
720 1203 898 1288 remetiri
914 1232 929 1304 ;
957 1203 1065 1306 quod
1084 1231 1224 1286 temen
1241 1206 1377 1314 justas

450 1321 657 1404 oberusas
674 1317 868 1429 Superior
887 1341 1034 1428 negare
1048 1319 1221 1429 poterit.
1273 1407 1275 1414 ,

204 1457 344 1528 congreg·
357 1466 400 1512 n·
508 1434 548 1541 d.
564 1437 604 1519 6.
634 1434 934 1546 Metuphysici‚
955 1433 998 1518 81
1012 1461 1034 1516 a
1050 1437 1169 1520 tertio
1181 1435 1227 1515 ad
1246 1461 1372 1540 quar-

96 1630 97 1634 t
200 1533 352 1606 ¹’“''²4·
448 1575 536 1636 tum
552 1551 794 1660 Theologiae
819 1577 975 1636 annunt
999 1550 1167 1661 gradum
1198 1549 1373 1651 facturi,

446 1665 569 1752 nnius
589 1669 703 1754 horae
724 1669 852 1774 spatio
870 1668 1128 1752 examinandi
1158 1691 1283 1752 sunt.
1319 1670 1373 1753 In

384 1829 386 1836 ·
444 1783 613 1889 reliquis
631 1810 717 1866 tum
731 1781 1007 1894 Philosophiae
1024 1839 1038 1882 ‚
1068 1811 1155 1869 tum
1173 1783 1369 1868 Theolo-

281 1955 284 1960 -
371 1917 373 1921 ’
443 1900 525 2005 giae
541 1899 695 2006 annis,
725 1899 891 1982 dimidie
922 1902 1140 1990 minimum
1172 1901 1274 1984 hora
1294 1915 1388 1984 su-‘

443 2012 581 2101 beatur
596 2043 768 2118 examen
783 2016 977 2102 ,Initium
993 2016 1255 2103 examinandi
1266 2015 1369 2101 Me·
1387 2053 1388 2118 3

438 2131 668 2243 taphysicos
706 2133 842 2220 stetim
875 2163 969 2244 post
1002 2133 1120 2218 ferias
1155 2129 1388 2218 paschatis

436 2245 538 2351 fiat,
567 2247 649 2330 nisi
668 2247 1032 2336 examinandorum
1053 2249 1270 2334 multitudo
1288 2279 1364 2333 co·
1386 2317 1387 2336 t

434 2383 505 2472 gat
518 2390 794 2454 antevertere.
826 2365 985 2473 Reliqui
1002 2367 1075 2454 sub
1088 2366 1216 2450 finem
1232 2368 1364 2451 anni.

431 2479 487 2562 Et
506 2481 672 2565 materia
687 2483 900 2570 Examinis
918 2484 968 2568 sit
985 2513 1032 2569 ea
1048 2485 1186 2568 omnis
1205 2542 1221 2589 ‚
1255 2509 1363 2588 quae

432 2592 681 2706 addagistris
698 2625 786 2684 toto
804 2601 903 2684 anni
917 2602 1114 2696 currentis
1133 2598 1264 2711 spatio
1283 2626 1363 2684 tra·

428 2711 683 2812 ditassent,
715 2715 763 2798 iis
784 2717 958 2826 exeeptis
976 2771 991 2816 ‚
1025 2743 1117 2821 quae
1131 2715 1206 2800 sub
1222 2713 1361 2826 ipsum

329 2918 335 2933 s
424 2828 644 2916 Examinis
676 2858 839 2940 ternpus
872 2834 1124 2941 decurrunt,
1166 2831 1357 2917 Praefecti
1383 2879 1384 2889 κ

426 2943 668 3058 Studiorum
687 2947 831 3056 judicio
850 2949 1112 3060 designandis
1135 3009 1146 3032 .
1382 2980 1383 3073 q

417 3080 420 3088 ·
490 3059 531 3165 d.
551 3089 593 3173 γ.
623 3063 822 3151 Examina
837 3066 926 3152 haec
942 3119 957 3166 ,
985 3061 1131 3172 quibus
1170 3063 1355 3150 decerni-

432 3203 523 3274 tur,
537 3207 592 3280 an
605 3204 770 3290 pergere
793 3183 841 3264 ad
856 3183 1116 3287 insequentes
1134 3207 1268 3266 annos
1289 3180 1357 3264 de·

357 3405 358 3413 N
432 3293 588 3400 beant,
628 3296 693 3398 qui
726 3298 1033 3408 Philosophiae,
1065 3302 1132 3383 vel
1163 3297 1357 3381 Theolo-

430 3409 512 3519 gire
532 3408 725 3520 student,
756 3415 919 3499 seeretis
943 3415 1045 3504 stant
1061 3406 1259 3524 suffragiis
1280 3411 1357 3498 z&

431 3527 539 3632 quod
553 3529 821 3620 constitutum
848 3530 967 3621 fuerit
997 3534 1121 3618 simul
1137 3557 1231 3614 cum
1249 3531 1355 3614 Exa-

419 3643 682 3750 minaterunr
702 3649 846 3761 judicio
870 3710 885 3755 ‚
918 3649 1108 3760 scriptum
1124 3673 1289 3732 constet
1307 3649 1354 3733 in

416 3754 532 3848 'libro
564 3760 614 3846 ad
645 3759 687 3860 ld
717 3765 960 3882 designator
992 3789 1237 3874 serventque
1263 3791 1354 3848 rem

1283 3907 1354 3963 se·
