<?xml version="1.0" encoding="UTF-8"?>
<!DOCTYPE html PUBLIC "-//W3C//DTD XHTML 1.0 Transitional//EN"
    "http://www.w3.org/TR/xhtml1/DTD/xhtml1-transitional.dtd">
<html xmlns="http://www.w3.org/1999/xhtml" xml:lang="en" lang="en">
 <head>
  <title>
</title>
<meta http-equiv="Content-Type" content="text/html;charset=utf-8" />
  <meta name='ocr-system' content='tesseract 3.04.00' />
  <meta name='ocr-capabilities' content='ocr_page ocr_carea ocr_par ocr_line ocrx_word'/>
</head>
<body>
  <div class='ocr_page' id='page_1' title='image "./regulaesuperior00jesugoog_0067.png"; bbox 0 0 2716 4332; ppageno 0'>
   <div class='ocr_carea' id='block_1_1' title="bbox 231 245 953 340">
    <p class='ocr_par' dir='ltr' id='par_1_1' title="bbox 231 245 953 340">
     <span class='ocr_line' id='line_1_1' title="bbox 231 245 953 340; baseline 0.003 -2"><span class='ocrx_word' id='word_1_1' title='bbox 231 245 763 338; x_wconf 82' lang='lat' dir='ltr'>PROVINCIALIS.</span> <span class='ocrx_word' id='word_1_2' title='bbox 899 255 953 340; x_wconf 85' lang='lat'>61</span> 
     </span>
    </p>
   </div>
   <div class='ocr_carea' id='block_1_2' title="bbox 37 393 953 624">
    <p class='ocr_par' dir='ltr' id='par_1_2' title="bbox 37 393 953 624">
     <span class='ocr_line' id='line_1_2' title="bbox 38 393 953 506; baseline 0.009 -32"><span class='ocrx_word' id='word_1_3' title='bbox 38 393 90 476; x_wconf 78' lang='lat' dir='ltr'>sel</span> <span class='ocrx_word' id='word_1_4' title='bbox 107 418 238 495; x_wconf 81' lang='lat' dir='ltr'>anto,</span> <span class='ocrx_word' id='word_1_5' title='bbox 256 399 322 478; x_wconf 86' lang='lat' dir='ltr'>vel</span> <span class='ocrx_word' id='word_1_6' title='bbox 335 421 546 506; x_wconf 83' lang='lat' dir='ltr'>postquam</span> <span class='ocrx_word' id='word_1_7' title='bbox 560 395 714 502; x_wconf 81' lang='lat' dir='ltr'>aliquot</span> <span class='ocrx_word' id='word_1_8' title='bbox 731 423 865 486; x_wconf 86' lang='lat' dir='ltr'>annos</span> <span class='ocrx_word' id='word_1_9' title='bbox 882 395 953 482; x_wconf 89' lang='lat' dir='ltr'>do-</span> 
     </span>
     <span class='ocr_line' id='line_1_3' title="bbox 37 509 952 624; baseline 0.01 -35"><span class='ocrx_word' id='word_1_10' title='bbox 37 512 219 619; x_wconf 80' lang='lat' dir='ltr'>tuerint,</span> <span class='ocrx_word' id='word_1_11' title='bbox 248 535 371 624; x_wconf 79' lang='lat' dir='ltr'>prout</span> <span class='ocrx_word' id='word_1_12' title='bbox 384 513 431 596; x_wconf 89' lang='lat' dir='ltr'>in</span> <span class='ocrx_word' id='word_1_13' title='bbox 444 509 630 596; x_wconf 89' lang='lat' dir='ltr'>Domino</span> <span class='ocrx_word' id='word_1_14' title='bbox 648 513 785 597; x_wconf 86' lang='lat' dir='ltr'>visum</span> <span class='ocrx_word' id='word_1_15' title='bbox 799 511 952 622; x_wconf 82' lang='lat' dir='ltr'>luerit,</span> 
     </span>
    </p>
   </div>
   <div class='ocr_carea' id='block_1_3' title="bbox 27 625 1199 3876">
    <p class='ocr_par' dir='ltr' id='par_1_3' title="bbox 31 625 1025 1428">
     <span class='ocr_line' id='line_1_4' title="bbox 36 625 954 732; baseline 0.011 -28"><span class='ocrx_word' id='word_1_16' title='bbox 36 625 179 732; x_wconf 86' lang='lat' dir='ltr'>aliquid</span> <span class='ocrx_word' id='word_1_17' title='bbox 193 655 246 711; x_wconf 87' lang='lat' dir='ltr'>ex</span> <span class='ocrx_word' id='word_1_18' title='bbox 263 627 539 714; x_wconf 74' lang='lat' dir='ltr'>Conscientiae</span> <span class='ocrx_word' id='word_1_19' title='bbox 553 625 724 711; x_wconf 82' lang='lat' dir='ltr'>Casibus</span> <span class='ocrx_word' id='word_1_20' title='bbox 740 630 891 728; x_wconf 83' lang='lat' dir='ltr'>audire,</span> <span class='ocrx_word' id='word_1_21' title='bbox 909 628 954 714; x_wconf 75' lang='grc' dir='ltr'>ἃ</span> 
     </span>
     <span class='ocr_line' id='line_1_5' title="bbox 31 740 951 854; baseline 0.011 -34"><span class='ocrx_word' id='word_1_22' title='bbox 31 740 257 829; x_wconf 81' lang='lat' dir='ltr'>Sacerdotes</span> <span class='ocrx_word' id='word_1_23' title='bbox 275 745 360 829; x_wconf 86' lang='lat' dir='ltr'>fieri</span> <span class='ocrx_word' id='word_1_24' title='bbox 375 770 584 854; x_wconf 84' lang='lat' dir='ltr'>poterunt,</span> <span class='ocrx_word' id='word_1_25' title='bbox 597 744 646 826; x_wconf 89' lang='lat' dir='ltr'>ad</span> <span class='ocrx_word' id='word_1_26' title='bbox 663 743 767 828; x_wconf 85' lang='lat' dir='ltr'>itletn</span> <span class='ocrx_word' id='word_1_27' title='bbox 782 745 951 830; x_wconf 81' lang='lat' dir='ltr'>docendi</span> 
     </span>
     <span class='ocr_line' id='line_1_6' title="bbox 33 865 951 968; baseline 0.009 -31"><span class='ocrx_word' id='word_1_28' title='bbox 33 885 176 943; x_wconf 83' lang='lat' dir='ltr'>munus</span> <span class='ocrx_word' id='word_1_29' title='bbox 194 865 425 964; x_wconf 80' lang='lat' dir='ltr'>retetsuri‚</span> <span class='ocrx_word' id='word_1_30' title='bbox 457 891 480 944; x_wconf 87' lang='lat' dir='ltr'>a</span> <span class='ocrx_word' id='word_1_31' title='bbox 500 889 578 968; x_wconf 91' lang='lat' dir='ltr'>quo</span> <span class='ocrx_word' id='word_1_32' title='bbox 598 888 689 944; x_wconf 84' lang='lat' dir='ltr'>non</span> <span class='ocrx_word' id='word_1_33' title='bbox 709 889 951 946; x_wconf 82' lang='lat' dir='ltr'>removean-</span> 
     </span>
     <span class='ocr_line' id='line_1_7' title="bbox 34 977 948 1087; baseline 0.007 -34"><span class='ocrx_word' id='word_1_34' title='bbox 34 997 88 1056; x_wconf 86' lang='lat' dir='ltr'>tut</span> <span class='ocrx_word' id='word_1_35' title='bbox 119 977 209 1060; x_wconf 86' lang='lat' dir='ltr'>siue</span> <span class='ocrx_word' id='word_1_36' title='bbox 227 981 341 1087; x_wconf 83' lang='lat' dir='ltr'>gravi</span> <span class='ocrx_word' id='word_1_37' title='bbox 366 1005 512 1076; x_wconf 84' lang='lat' dir='ltr'>causa,</span> <span class='ocrx_word' id='word_1_38' title='bbox 542 977 585 1061; x_wconf 67' lang='grc' dir='ltr'>ἃ</span> <span class='ocrx_word' id='word_1_39' title='bbox 616 977 948 1064; x_wconf 81' lang='lat' dir='ltr'>consultatione:</span> 
     </span>
     <span class='ocr_line' id='line_1_8' title="bbox 34 1090 950 1203; baseline 0.009 -34"><span class='ocrx_word' id='word_1_40' title='bbox 34 1090 103 1172; x_wconf 85' lang='lat' dir='ltr'>nisi</span> <span class='ocrx_word' id='word_1_41' title='bbox 119 1095 327 1178; x_wconf 80' lang='lat' dir='ltr'>interdum</span> <span class='ocrx_word' id='word_1_42' title='bbox 347 1093 398 1177; x_wconf 91' lang='lat' dir='ltr'>ob</span> <span class='ocrx_word' id='word_1_43' title='bbox 415 1091 755 1202; x_wconf 78' lang='lat' dir='ltr'>defatigationem,</span> <span class='ocrx_word' id='word_1_44' title='bbox 772 1119 817 1178; x_wconf 92' lang='lat' dir='ltr'>ut</span> <span class='ocrx_word' id='word_1_45' title='bbox 831 1123 916 1177; x_wconf 88' lang='lat' dir='ltr'>uno</span> <span class='ocrx_word' id='word_1_46' title='bbox 933 1152 950 1203; x_wconf 87' lang='lat'>‚</span> 
     </span>
     <span class='ocr_line' id='line_1_9' title="bbox 36 1205 951 1322; baseline 0.004 -33"><span class='ocrx_word' id='word_1_47' title='bbox 36 1232 93 1289; x_wconf 84' lang='lat' dir='ltr'>aut</span> <span class='ocrx_word' id='word_1_48' title='bbox 112 1213 243 1294; x_wconf 84' lang='lat' dir='ltr'>altero</span> <span class='ocrx_word' id='word_1_49' title='bbox 274 1239 386 1294; x_wconf 88' lang='lat' dir='ltr'>anno</span> <span class='ocrx_word' id='word_1_50' title='bbox 417 1209 714 1301; x_wconf 75' lang='lat' dir='ltr'><strong>intermittant,</strong></span> <span class='ocrx_word' id='word_1_51' title='bbox 744 1205 951 1322; x_wconf 81' lang='lat' dir='ltr'>Praeposi-</span> 
     </span>
     <span class='ocr_line' id='line_1_10' title="bbox 35 1327 1025 1428; baseline 0.012 -25"><span class='ocrx_word' id='word_1_52' title='bbox 35 1349 88 1404; x_wconf 88' lang='lat' dir='ltr'>tus</span> <span class='ocrx_word' id='word_1_53' title='bbox 106 1327 376 1412; x_wconf 73' lang='lat' dir='ltr'>Prouincialis</span> <span class='ocrx_word' id='word_1_54' title='bbox 392 1329 603 1412; x_wconf 81' lang='lat' dir='ltr'>statuerit.</span> <span class='ocrx_word' id='word_1_55' title='bbox 723 1416 729 1428; x_wconf 20' lang='lat' dir='ltr'>x</span> <span class='ocrx_word' id='word_1_56' title='bbox 1022 1409 1025 1415; x_wconf 89' lang='lat'>.</span> 
     </span>
    </p>

    <p class='ocr_par' dir='ltr' id='par_1_4' title="bbox 30 1437 1199 2938">
     <span class='ocr_line' id='line_1_11' title="bbox 80 1437 1172 1554; baseline -0.005 -24"><span class='ocrx_word' id='word_1_57' title='bbox 80 1449 152 1530; x_wconf 82' lang='lat'>26.</span> <span class='ocrx_word' id='word_1_58' title='bbox 183 1442 417 1554; x_wconf 88' lang='lat' dir='ltr'>Discipulos</span> <span class='ocrx_word' id='word_1_59' title='bbox 445 1443 620 1528; x_wconf 83' lang='lat' dir='ltr'>interim</span> <span class='ocrx_word' id='word_1_60' title='bbox 642 1437 820 1524; x_wconf 86' lang='lat' dir='ltr'>Nostros</span> <span class='ocrx_word' id='word_1_61' title='bbox 852 1442 948 1526; x_wconf 86' lang='lat' dir='ltr'>Pro·</span> <span class='ocrx_word' id='word_1_62' title='bbox 984 1443 1172 1508; x_wconf 63' lang='lat' dir='ltr'><strong>Adwndi</strong></span> 
     </span>
     <span class='ocr_line' id='line_1_12' title="bbox 30 1544 1185 1665; baseline 0.019 -33"><span class='ocrx_word' id='word_1_63' title='bbox 30 1553 210 1644; x_wconf 87' lang='lat' dir='ltr'>viucialis</span> <span class='ocrx_word' id='word_1_64' title='bbox 228 1589 251 1642; x_wconf 88' lang='lat' dir='ltr'>a</span> <span class='ocrx_word' id='word_1_65' title='bbox 270 1559 448 1645; x_wconf 85' lang='lat' dir='ltr'>docenda</span> <span class='ocrx_word' id='word_1_66' title='bbox 464 1558 759 1655; x_wconf 83' lang='lat' dir='ltr'>Grammatica‚</span> <span class='ocrx_word' id='word_1_67' title='bbox 774 1563 840 1641; x_wconf 84' lang='lat' dir='ltr'>vel</span> <span class='ocrx_word' id='word_1_68' title='bbox 862 1559 946 1642; x_wconf 89' lang='lat' dir='ltr'>Hu-</span> <span class='ocrx_word' id='word_1_69' title='bbox 962 1544 1110 1665; x_wconf 53' lang='lat' dir='ltr'>emi,</span> <span class='ocrx_word' id='word_1_70' title='bbox 1123 1546 1185 1654; x_wconf 58' lang='lat' dir='ltr'>pon</span> 
     </span>
     <span class='ocr_line' id='line_1_13' title="bbox 33 1673 1199 1779; baseline 0.005 -27"><span class='ocrx_word' id='word_1_71' title='bbox 33 1685 220 1764; x_wconf 79' lang='lat' dir='ltr'>monitate</span> <span class='ocrx_word' id='word_1_72' title='bbox 235 1705 324 1762; x_wconf 85' lang='lat' dir='ltr'>non</span> <span class='ocrx_word' id='word_1_73' title='bbox 333 1679 484 1762; x_wconf 77' lang='lat' dir='ltr'>eximat</span> <span class='ocrx_word' id='word_1_74' title='bbox 499 1733 514 1779; x_wconf 89' lang='lat'>‚</span> <span class='ocrx_word' id='word_1_75' title='bbox 545 1677 624 1762; x_wconf 87' lang='lat' dir='ltr'>nisi</span> <span class='ocrx_word' id='word_1_76' title='bbox 644 1675 760 1757; x_wconf 85' lang='lat' dir='ltr'>aliter</span> <span class='ocrx_word' id='word_1_77' title='bbox 777 1673 828 1758; x_wconf 87' lang='lat' dir='ltr'>ob</span> <span class='ocrx_word' id='word_1_78' title='bbox 846 1703 944 1762; x_wconf 79' lang='lat' dir='ltr'>asta·</span> <span class='ocrx_word' id='word_1_79' title='bbox 961 1683 1051 1744; x_wconf 66' lang='grc' dir='ltr'><em>θεον·</em></span> <span class='ocrx_word' id='word_1_80' title='bbox 1064 1701 1115 1758; x_wconf 84' lang='lat'>⁷3·</span> <span class='ocrx_word' id='word_1_81' title='bbox 1131 1685 1199 1766; x_wconf 77' lang='lat'><strong>§·⁸·&#39;</strong></span> 
     </span>
     <span class='ocr_line' id='line_1_14' title="bbox 32 1767 1196 1922; baseline 0.001 -47"><span class='ocrx_word' id='word_1_82' title='bbox 32 1812 104 1875; x_wconf 77' lang='lat' dir='ltr'>tem</span> <span class='ocrx_word' id='word_1_83' title='bbox 122 1851 136 1897; x_wconf 84' lang='lat'>‚</span> <span class='ocrx_word' id='word_1_84' title='bbox 163 1819 234 1878; x_wconf 89' lang='lat' dir='ltr'>aut</span> <span class='ocrx_word' id='word_1_85' title='bbox 264 1795 386 1876; x_wconf 84' lang='lat' dir='ltr'>aliam</span> <span class='ocrx_word' id='word_1_86' title='bbox 411 1793 611 1878; x_wconf 84' lang='lat' dir='ltr'>rationem</span> <span class='ocrx_word' id='word_1_87' title='bbox 629 1790 884 1876; x_wconf 81' lang='lat' dir='ltr'>statuendum</span> <span class='ocrx_word' id='word_1_88' title='bbox 901 1793 945 1876; x_wconf 90' lang='lat' dir='ltr'>in</span> <span class='ocrx_word' id='word_1_89' title='bbox 962 1767 1196 1922; x_wconf 52' lang='lat' dir='ltr'>cffffp„</span> 
     </span>
     <span class='ocr_line' id='line_1_15' title="bbox 31 1897 1129 2013; baseline -0.005 -21"><span class='ocrx_word' id='word_1_90' title='bbox 31 1897 205 1997; x_wconf 87' lang='lat' dir='ltr'>Domino</span> <span class='ocrx_word' id='word_1_91' title='bbox 222 1908 433 1995; x_wconf 84' lang='lat' dir='ltr'>videatur:</span> <span class='ocrx_word' id='word_1_92' title='bbox 466 1910 685 1995; x_wconf 85' lang='lat' dir='ltr'>curandum</span> <span class='ocrx_word' id='word_1_93' title='bbox 704 1933 837 1990; x_wconf 85' lang='lat' dir='ltr'>tamen</span> <span class='ocrx_word' id='word_1_94' title='bbox 856 1968 871 2013; x_wconf 88' lang='lat'>‚</span> <span class='ocrx_word' id='word_1_95' title='bbox 903 1932 947 1992; x_wconf 91' lang='lat' dir='ltr'>ut</span> <span class='ocrx_word' id='word_1_96' title='bbox 962 1927 1129 1987; x_wconf 70' lang='lat' dir='ltr'>coneum·</span> 
     </span>
     <span class='ocr_line' id='line_1_16' title="bbox 31 2023 950 2140; baseline 0.007 -36"><span class='ocrx_word' id='word_1_97' title='bbox 31 2023 85 2126; x_wconf 89' lang='lat' dir='ltr'>qui</span> <span class='ocrx_word' id='word_1_98' title='bbox 101 2030 259 2112; x_wconf 84' lang='lat' dir='ltr'>talenta</span> <span class='ocrx_word' id='word_1_99' title='bbox 275 2029 323 2110; x_wconf 91' lang='lat' dir='ltr'>ad</span> <span class='ocrx_word' id='word_1_100' title='bbox 341 2026 668 2112; x_wconf 87' lang='lat' dir='ltr'>concionandum</span> <span class='ocrx_word' id='word_1_101' title='bbox 697 2024 917 2110; x_wconf 76' lang='lat' dir='ltr'>ostendunt</span> <span class='ocrx_word' id='word_1_102' title='bbox 930 2078 950 2140; x_wconf 60' lang='grc'>,1</span> 
     </span>
     <span class='ocr_line' id='line_1_17' title="bbox 31 2140 946 2249; baseline 0.009 -28"><span class='ocrx_word' id='word_1_103' title='bbox 31 2147 247 2247; x_wconf 72' lang='lat' dir='ltr'>praesertim</span> <span class='ocrx_word' id='word_1_104' title='bbox 283 2145 465 2249; x_wconf 85' lang='lat' dir='ltr'>rariora,</span> <span class='ocrx_word' id='word_1_105' title='bbox 497 2173 585 2229; x_wconf 87' lang='lat' dir='ltr'>non</span> <span class='ocrx_word' id='word_1_106' title='bbox 616 2140 793 2238; x_wconf 87' lang='lat' dir='ltr'>diutius,</span> <span class='ocrx_word' id='word_1_107' title='bbox 824 2171 946 2247; x_wconf 84' lang='lat' dir='ltr'>quam</span> 
     </span>
     <span class='ocr_line' id='line_1_18' title="bbox 30 2258 947 2368; baseline 0.005 -32"><span class='ocrx_word' id='word_1_108' title='bbox 30 2285 196 2368; x_wconf 81' lang='lat' dir='ltr'>potest,</span> <span class='ocrx_word' id='word_1_109' title='bbox 229 2263 274 2345; x_wconf 84' lang='lat' dir='ltr'>itt</span> <span class='ocrx_word' id='word_1_110' title='bbox 306 2261 475 2346; x_wconf 84' lang='lat' dir='ltr'>docendi</span> <span class='ocrx_word' id='word_1_111' title='bbox 496 2288 665 2347; x_wconf 83' lang='lat' dir='ltr'>mouere</span> <span class='ocrx_word' id='word_1_112' title='bbox 682 2284 764 2340; x_wconf 89' lang='lat' dir='ltr'>tam</span> <span class='ocrx_word' id='word_1_113' title='bbox 788 2258 947 2344; x_wconf 84' lang='lat' dir='ltr'>Huma-</span> 
     </span>
     <span class='ocr_line' id='line_1_19' title="bbox 31 2373 948 2484; baseline 0.008 -31"><span class='ocrx_word' id='word_1_114' title='bbox 31 2375 158 2460; x_wconf 84' lang='lat' dir='ltr'>niores</span> <span class='ocrx_word' id='word_1_115' title='bbox 194 2377 384 2484; x_wconf 83' lang='lat' dir='ltr'>litteras,</span> <span class='ocrx_word' id='word_1_116' title='bbox 415 2405 533 2483; x_wconf 84' lang='lat' dir='ltr'>quam</span> <span class='ocrx_word' id='word_1_117' title='bbox 555 2373 855 2484; x_wconf 81' lang='lat' dir='ltr'>Philosophiam</span> <span class='ocrx_word' id='word_1_118' title='bbox 873 2436 887 2479; x_wconf 87' lang='lat'>‚</span> <span class='ocrx_word' id='word_1_119' title='bbox 903 2375 948 2460; x_wconf 75' lang='grc' dir='ltr'>ἅ</span> 
     </span>
     <span class='ocr_line' id='line_1_20' title="bbox 31 2485 947 2602; baseline -0.002 -27"><span class='ocrx_word' id='word_1_120' title='bbox 31 2485 292 2602; x_wconf 80' lang='lat' dir='ltr'>Theologiam</span> <span class='ocrx_word' id='word_1_121' title='bbox 322 2491 620 2594; x_wconf 77' lang='lat' dir='ltr'>detineantu13</span> <span class='ocrx_word' id='word_1_122' title='bbox 647 2519 736 2586; x_wconf 85' lang='lat' dir='ltr'>no,</span> <span class='ocrx_word' id='word_1_123' title='bbox 769 2489 802 2569; x_wconf 92' lang='lat' dir='ltr'>si</span> <span class='ocrx_word' id='word_1_124' title='bbox 835 2517 947 2573; x_wconf 83' lang='lat' dir='ltr'>setus</span> 
     </span>
     <span class='ocr_line' id='line_1_21' title="bbox 31 2606 947 2718; baseline -0.003 -28"><span class='ocrx_word' id='word_1_125' title='bbox 31 2606 115 2716; x_wconf 77' lang='lat' dir='ltr'>liat,</span> <span class='ocrx_word' id='word_1_126' title='bbox 146 2609 305 2716; x_wconf 85' lang='lat' dir='ltr'>quando</span> <span class='ocrx_word' id='word_1_127' title='bbox 319 2611 363 2695; x_wconf 84' lang='lat' dir='ltr'>in</span> <span class='ocrx_word' id='word_1_128' title='bbox 378 2609 427 2692; x_wconf 91' lang='lat' dir='ltr'>iis</span> <span class='ocrx_word' id='word_1_129' title='bbox 439 2610 586 2695; x_wconf 82' lang='lat' dir='ltr'>&#39;studiis</span> <span class='ocrx_word' id='word_1_130' title='bbox 603 2633 707 2718; x_wconf 82' lang='lat' dir='ltr'>peno</span> <span class='ocrx_word' id='word_1_131' title='bbox 723 2632 947 2691; x_wconf 87' lang='lat' dir='ltr'>consenue-</span> 
     </span>
     <span class='ocr_line' id='line_1_22' title="bbox 30 2720 947 2838; baseline 0.002 -34"><span class='ocrx_word' id='word_1_132' title='bbox 30 2724 128 2838; x_wconf 47' lang='lat'><em>1³¹¹&amp;</em></span> <span class='ocrx_word' id='word_1_133' title='bbox 159 2755 249 2814; x_wconf 85' lang='lat' dir='ltr'>tum</span> <span class='ocrx_word' id='word_1_134' title='bbox 272 2727 437 2815; x_wconf 86' lang='lat' dir='ltr'>demum</span> <span class='ocrx_word' id='word_1_135' title='bbox 453 2726 502 2810; x_wconf 89' lang='lat' dir='ltr'>ad</span> <span class='ocrx_word' id='word_1_136' title='bbox 522 2720 854 2812; x_wconf 85' lang='lat' dir='ltr'>concionandum</span> <span class='ocrx_word' id='word_1_137' title='bbox 880 2745 947 2806; x_wconf 83' lang='lat' dir='ltr'>ac-</span> 
     </span>
     <span class='ocr_line' id='line_1_23' title="bbox 30 2841 912 2938; baseline 0.007 -18"><span class='ocrx_word' id='word_1_138' title='bbox 30 2841 163 2927; x_wconf 83' lang='lat' dir='ltr'>cedant</span> <span class='ocrx_word' id='word_1_139' title='bbox 187 2905 199 2926; x_wconf 91' lang='lat'><strong>.</strong></span> <span class='ocrx_word' id='word_1_140' title='bbox 902 2915 912 2938; x_wconf 83' lang='lat'><strong>,</strong></span> 
     </span>
    </p>

    <p class='ocr_par' dir='ltr' id='par_1_5' title="bbox 27 2947 1178 3876">
     <span class='ocr_line' id='line_1_24' title="bbox 80 2947 1176 3078; baseline -0.016 -38"><span class='ocrx_word' id='word_1_141' title='bbox 80 2981 152 3078; x_wconf 73' lang='lat'>27.</span> <span class='ocrx_word' id='word_1_142' title='bbox 181 2956 432 3068; x_wconf 77' lang='lat' dir='ltr'>Exsingulis</span> <span class='ocrx_word' id='word_1_143' title='bbox 452 2985 594 3045; x_wconf 85' lang='lat' dir='ltr'>tamen</span> <span class='ocrx_word' id='word_1_144' title='bbox 609 2953 788 3038; x_wconf 82' lang='lat' dir='ltr'>cursibus</span> <span class='ocrx_word' id='word_1_145' title='bbox 806 2947 947 3061; x_wconf 80' lang='lat' dir='ltr'>seligat</span> <span class='ocrx_word' id='word_1_146' title='bbox 973 2967 1017 3025; x_wconf 75' lang='lat' dir='ltr'>ax</span> <span class='ocrx_word' id='word_1_147' title='bbox 1039 2979 1126 3062; x_wconf 68' lang='lat' dir='ltr'>eursu</span> <span class='ocrx_word' id='word_1_148' title='bbox 1138 2961 1176 3022; x_wconf 78' lang='lat' dir='ltr'>at</span> 
     </span>
     <span class='ocr_line' id='line_1_25' title="bbox 28 3043 1178 3208; baseline 0 -56"><span class='ocrx_word' id='word_1_149' title='bbox 28 3071 206 3186; x_wconf 79' lang='lat' dir='ltr'>singulos</span> <span class='ocrx_word' id='word_1_150' title='bbox 225 3135 240 3182; x_wconf 91' lang='lat'>,</span> <span class='ocrx_word' id='word_1_151' title='bbox 257 3099 325 3156; x_wconf 91' lang='lat' dir='ltr'>aut</span> <span class='ocrx_word' id='word_1_152' title='bbox 342 3075 491 3182; x_wconf 84' lang='lat' dir='ltr'>binos,</span> <span class='ocrx_word' id='word_1_153' title='bbox 511 3098 753 3176; x_wconf 81' lang='lat' dir='ltr'>ternosque,</span> <span class='ocrx_word' id='word_1_154' title='bbox 769 3095 839 3151; x_wconf 84' lang='lat' dir='ltr'>sou</span> <span class='ocrx_word' id='word_1_155' title='bbox 857 3070 947 3176; x_wconf 88' lang='lat' dir='ltr'>plu·</span> <span class='ocrx_word' id='word_1_156' title='bbox 962 3043 1178 3208; x_wconf 54' lang='lat' dir='ltr'>fflffi&#39;ffl</span> 
     </span>
     <span class='ocr_line' id='line_1_26' title="bbox 27 3184 946 3302; baseline -0.007 -32"><span class='ocrx_word' id='word_1_157' title='bbox 27 3213 84 3276; x_wconf 84' lang='lat' dir='ltr'>tes</span> <span class='ocrx_word' id='word_1_158' title='bbox 113 3197 186 3302; x_wconf 84' lang='lat' dir='ltr'>pto</span> <span class='ocrx_word' id='word_1_159' title='bbox 220 3219 393 3276; x_wconf 84' lang='lat' dir='ltr'>nurnero</span> <span class='ocrx_word' id='word_1_160' title='bbox 418 3189 733 3301; x_wconf 83' lang='lat' dir='ltr'>discipulorum,</span> <span class='ocrx_word' id='word_1_161' title='bbox 766 3184 836 3289; x_wconf 86' lang='lat' dir='ltr'>qui</span> <span class='ocrx_word' id='word_1_162' title='bbox 855 3186 946 3292; x_wconf 92' lang='lat' dir='ltr'>plus</span> 
     </span>
     <span class='ocr_line' id='line_1_27' title="bbox 27 3298 945 3418; baseline -0.01 -29"><span class='ocrx_word' id='word_1_163' title='bbox 27 3312 157 3391; x_wconf 74' lang='lat' dir='ltr'>tuteris</span> <span class='ocrx_word' id='word_1_164' title='bbox 174 3304 393 3418; x_wconf 81' lang='lat' dir='ltr'>profecturi</span> <span class='ocrx_word' id='word_1_165' title='bbox 410 3307 653 3403; x_wconf 82' lang='lat' dir='ltr'>videantur,</span> <span class='ocrx_word' id='word_1_166' title='bbox 687 3329 792 3408; x_wconf 86' lang='lat' dir='ltr'>quos</span> <span class='ocrx_word' id='word_1_167' title='bbox 810 3298 945 3384; x_wconf 80' lang='lat' dir='ltr'>Theo·</span> 
     </span>
     <span class='ocr_line' id='line_1_28' title="bbox 28 3418 947 3534; baseline -0.005 -31"><span class='ocrx_word' id='word_1_168' title='bbox 28 3421 142 3533; x_wconf 82' lang='lat' dir='ltr'>logiae</span> <span class='ocrx_word' id='word_1_169' title='bbox 165 3421 364 3534; x_wconf 84' lang='lat' dir='ltr'>applicet:</span> <span class='ocrx_word' id='word_1_170' title='bbox 386 3424 529 3530; x_wconf 86' lang='lat' dir='ltr'>quibus</span> <span class='ocrx_word' id='word_1_171' title='bbox 549 3449 715 3517; x_wconf 83' lang='lat' dir='ltr'>tamen,</span> <span class='ocrx_word' id='word_1_172' title='bbox 733 3418 767 3501; x_wconf 89' lang='lat' dir='ltr'>si</span> <span class='ocrx_word' id='word_1_173' title='bbox 784 3439 947 3500; x_wconf 77' lang='lat' dir='ltr'>necesse</span> 
     </span>
     <span class='ocr_line' id='line_1_29' title="bbox 31 3529 1042 3648; baseline -0.009 -33"><span class='ocrx_word' id='word_1_174' title='bbox 31 3537 76 3619; x_wconf 82' lang='lat' dir='ltr'>sit</span> <span class='ocrx_word' id='word_1_175' title='bbox 90 3593 104 3636; x_wconf 88' lang='lat'>‚</span> <span class='ocrx_word' id='word_1_176' title='bbox 118 3543 184 3625; x_wconf 86' lang='lat' dir='ltr'>vel</span> <span class='ocrx_word' id='word_1_177' title='bbox 204 3540 240 3622; x_wconf 92' lang='lat' dir='ltr'>si</span> <span class='ocrx_word' id='word_1_178' title='bbox 256 3537 438 3625; x_wconf 84' lang='lat' dir='ltr'>videatur</span> <span class='ocrx_word' id='word_1_179' title='bbox 456 3601 469 3646; x_wconf 89' lang='lat'>‚</span> <span class='ocrx_word' id='word_1_180' title='bbox 488 3539 546 3623; x_wconf 89' lang='lat' dir='ltr'>uti</span> <span class='ocrx_word' id='word_1_181' title='bbox 563 3535 739 3648; x_wconf 82' lang='lat' dir='ltr'>poterit,</span> <span class='ocrx_word' id='word_1_182' title='bbox 754 3529 946 3614; x_wconf 87' lang='lat' dir='ltr'>absolutis</span> <span class='ocrx_word' id='word_1_183' title='bbox 1038 3600 1042 3606; x_wconf 84' lang='lat'>.</span> 
     </span>
     <span class='ocr_line' id='line_1_30' title="bbox 30 3643 948 3774; baseline -0.009 -41"><span class='ocrx_word' id='word_1_184' title='bbox 30 3649 186 3754; x_wconf 86' lang='lat' dir='ltr'>Studiis,</span> <span class='ocrx_word' id='word_1_185' title='bbox 199 3652 244 3742; x_wconf 75' lang='grc' dir='ltr'>ἃ</span> <span class='ocrx_word' id='word_1_186' title='bbox 257 3657 378 3741; x_wconf 81' lang='lat' dir='ltr'>tertio</span> <span class='ocrx_word' id='word_1_187' title='bbox 393 3683 504 3742; x_wconf 88' lang='lat' dir='ltr'>anno</span> <span class='ocrx_word' id='word_1_188' title='bbox 521 3651 796 3751; x_wconf 81' lang='lat' dir='ltr'>Probationis‚</span> <span class='ocrx_word' id='word_1_189' title='bbox 816 3644 864 3774; x_wconf 78' lang='lat' dir='ltr'>ad</span> <span class='ocrx_word' id='word_1_190' title='bbox 881 3643 948 3774; x_wconf 85' lang='lat' dir='ltr'>do·</span> 
     </span>
     <span class='ocr_line' id='line_1_31' title="bbox 34 3759 949 3876; baseline -0.005 -25"><span class='ocrx_word' id='word_1_191' title='bbox 34 3771 193 3861; x_wconf 80' lang='lat' dir='ltr'>cendam</span> <span class='ocrx_word' id='word_1_192' title='bbox 213 3769 700 3876; x_wconf 71' lang='lat' dir='ltr'>etiamummmaticam,</span> <span class='ocrx_word' id='word_1_193' title='bbox 730 3794 800 3852; x_wconf 83' lang='lat' dir='ltr'>seu</span> <span class='ocrx_word' id='word_1_194' title='bbox 820 3759 949 3846; x_wconf 78' lang='lat' dir='ltr'>studia</span> 
     </span>
    </p>
   </div>
   <div class='ocr_carea' id='block_1_4' title="bbox 32 3879 1095 4014">
    <p class='ocr_par' dir='ltr' id='par_1_6' title="bbox 32 3879 1095 4014">
     <span class='ocr_line' id='line_1_32' title="bbox 32 3879 1095 4014; baseline -0.008 -40"><span class='ocrx_word' id='word_1_195' title='bbox 32 3881 339 4014; x_wconf 53' lang='grc' dir='ltr'>,Ηιιωζιηὶῑαῑὶεἒ</span> <span class='ocrx_word' id='word_1_196' title='bbox 765 3883 836 3974; x_wconf 80' lang='lat'>28.</span> <span class='ocrx_word' id='word_1_197' title='bbox 856 3879 951 3979; x_wconf 83' lang='lat' dir='ltr'>Hu-</span> <span class='ocrx_word' id='word_1_198' title='bbox 1086 3911 1095 3966; x_wconf 80' lang='lat' dir='ltr'>t</span> 
     </span>
    </p>
   </div>
   <div class='ocr_carea' id='block_1_5' title="bbox 0 0 1362 4332">
    <p class='ocr_par' dir='ltr' id='par_1_7' title="bbox 0 0 1362 4332">
     <span class='ocr_line' id='line_1_33' title="bbox 0 0 1362 4332; baseline 0 1"><span class='ocrx_word' id='word_1_199' title='bbox 0 0 1362 4332; x_wconf 95' lang='lat' dir='ltr'> </span> 
     </span>
    </p>
   </div>
  </div>
 </body>
</html>
