<?xml version="1.0" encoding="UTF-8"?>
<!DOCTYPE html PUBLIC "-//W3C//DTD XHTML 1.0 Transitional//EN"
    "http://www.w3.org/TR/xhtml1/DTD/xhtml1-transitional.dtd">
<html xmlns="http://www.w3.org/1999/xhtml" xml:lang="en" lang="en">
 <head>
  <title>
</title>
<meta http-equiv="Content-Type" content="text/html;charset=utf-8" />
  <meta name='ocr-system' content='tesseract 3.04.00' />
  <meta name='ocr-capabilities' content='ocr_page ocr_carea ocr_par ocr_line ocrx_word'/>
</head>
<body>
  <div class='ocr_page' id='page_1' title='image "./regulaesuperior00jesugoog_0295.png"; bbox 0 0 2750 4332; ppageno 0'>
   <div class='ocr_carea' id='block_1_1' title="bbox 17 167 1227 3836">
    <p class='ocr_par' dir='ltr' id='par_1_1' title="bbox 17 167 1227 3836">
     <span class='ocr_line' id='line_1_1' title="bbox 223 167 948 294; baseline -0.047 -7"><span class='ocrx_word' id='word_1_1' title='bbox 223 167 755 294; x_wconf 49' lang='lat' dir='ltr'>INSTRUG„T1tlr</span> <span class='ocrx_word' id='word_1_2' title='bbox 892 168 948 254; x_wconf 83' lang='lat'>81</span> 
     </span>
     <span class='ocr_line' id='line_1_2' title="bbox 17 309 956 460; baseline -0.059 -12"><span class='ocrx_word' id='word_1_3' title='bbox 17 344 401 460; x_wconf 72' lang='lat' dir='ltr'>tamque-illustre,</span> <span class='ocrx_word' id='word_1_4' title='bbox 431 362 478 421; x_wconf 90' lang='lat' dir='ltr'>ut</span> <span class='ocrx_word' id='word_1_5' title='bbox 508 359 532 412; x_wconf 89' lang='lat' dir='ltr'>a</span> <span class='ocrx_word' id='word_1_6' title='bbox 561 323 684 411; x_wconf 88' lang='lat' dir='ltr'>nobis</span> <span class='ocrx_word' id='word_1_7' title='bbox 695 309 801 404; x_wconf 85' lang='lat' dir='ltr'>iicet</span> <span class='ocrx_word' id='word_1_8' title='bbox 814 337 956 401; x_wconf 80' lang='lat' dir='ltr'>remo-</span> 
     </span>
     <span class='ocr_line' id='line_1_3' title="bbox 17 426 962 578; baseline -0.054 -18"><span class='ocrx_word' id='word_1_9' title='bbox 17 503 140 568; x_wconf 85' lang='lat' dir='ltr'>turn,</span> <span class='ocrx_word' id='word_1_10' title='bbox 173 490 245 578; x_wconf 86' lang='lat' dir='ltr'>per</span> <span class='ocrx_word' id='word_1_11' title='bbox 262 489 340 546; x_wconf 90' lang='lat' dir='ltr'>nos</span> <span class='ocrx_word' id='word_1_12' title='bbox 359 445 566 542; x_wconf 84' lang='lat' dir='ltr'>tamenab</span> <span class='ocrx_word' id='word_1_13' title='bbox 584 435 796 528; x_wconf 87' lang='lat' dir='ltr'>oblivione</span> <span class='ocrx_word' id='word_1_14' title='bbox 814 426 962 520; x_wconf 79' lang='lat' dir='ltr'>vindi·&#39;</span> 
     </span>
     <span class='ocr_line' id='line_1_4' title="bbox 17 553 957 680; baseline -0.051 -4"><span class='ocrx_word' id='word_1_15' title='bbox 17 580 377 680; x_wconf 85' lang='lat' dir='ltr'>cariconveniat,</span> <span class='ocrx_word' id='word_1_16' title='bbox 407 600 497 656; x_wconf 91' lang='lat' dir='ltr'>tum</span> <span class='ocrx_word' id='word_1_17' title='bbox 528 553 753 646; x_wconf 88' lang='lat' dir='ltr'>adhibenda</span> <span class='ocrx_word' id='word_1_18' title='bbox 781 573 957 664; x_wconf 84' lang='lat' dir='ltr'>praemo-</span> 
     </span>
     <span class='ocr_line' id='line_1_5' title="bbox 17 665 956 801; baseline -0.05 -5"><span class='ocrx_word' id='word_1_19' title='bbox 17 707 129 796; x_wconf 80' lang='lat' dir='ltr'>nitio</span> <span class='ocrx_word' id='word_1_20' title='bbox 146 701 262 801; x_wconf 87' lang='lat' dir='ltr'>erit,</span> <span class='ocrx_word' id='word_1_21' title='bbox 293 723 347 782; x_wconf 86' lang='lat' dir='ltr'>ne</span> <span class='ocrx_word' id='word_1_22' title='bbox 369 680 608 778; x_wconf 62' lang='lat' dir='ltr'>inconsulti&gt;v</span> <span class='ocrx_word' id='word_1_23' title='bbox 639 675 789 766; x_wconf 81' lang='lat' dir='ltr'>lactum</span> <span class='ocrx_word' id='word_1_24' title='bbox 815 665 956 751; x_wconf 87' lang='lat' dir='ltr'>videa·</span> 
     </span>
     <span class='ocr_line' id='line_1_6' title="bbox 21 851 123 908; baseline -0.029 1"><span class='ocrx_word' id='word_1_25' title='bbox 21 851 123 908; x_wconf 83' lang='lat' dir='ltr'>tur.</span> 
     </span>
     <span class='ocr_line' id='line_1_7' title="bbox 79 885 1207 1054; baseline -0.053 -28"><span class='ocrx_word' id='word_1_26' title='bbox 79 965 162 1054; x_wconf 81' lang='lat'>30.</span> <span class='ocrx_word' id='word_1_27' title='bbox 196 928 299 1016; x_wconf 83' lang='lat' dir='ltr'>Haec</span> <span class='ocrx_word' id='word_1_28' title='bbox 315 918 454 1010; x_wconf 88' lang='lat' dir='ltr'>omnia</span> <span class='ocrx_word' id='word_1_29' title='bbox 487 931 724 1030; x_wconf 79' lang='lat' dir='ltr'>exponent,</span> <span class='ocrx_word' id='word_1_30' title='bbox 751 885 1207 1008; x_wconf 49' lang='lat' dir='ltr'>quample-‚Clrcupounfn</span> 
     </span>
     <span class='ocr_line' id='line_1_8' title="bbox 27 973 1219 1154; baseline -0.049 -14"><span class='ocrx_word' id='word_1_31' title='bbox 27 1047 206 1150; x_wconf 70' lang='lat' dir='ltr'>nissimi</span> <span class='ocrx_word' id='word_1_32' title='bbox 229 1043 319 1130; x_wconf 79' lang='lat' dir='ltr'>fieri</span> <span class='ocrx_word' id='word_1_33' title='bbox 334 1037 483 1154; x_wconf 88' lang='lat' dir='ltr'>poterit</span> <span class='ocrx_word' id='word_1_34' title='bbox 510 1040 713 1140; x_wconf 84' lang='lat' dir='ltr'>(semper</span> <span class='ocrx_word' id='word_1_35' title='bbox 744 1041 882 1101; x_wconf 83' lang='lat' dir='ltr'>tamen</span> <span class='ocrx_word' id='word_1_36' title='bbox 896 1013 958 1098; x_wconf 87' lang='lat' dir='ltr'>vi·</span> <span class='ocrx_word' id='word_1_37' title='bbox 972 973 1219 1072; x_wconf 48' lang='lat' dir='ltr'>mmmm?</span> 
     </span>
     <span class='ocr_line' id='line_1_9' title="bbox 28 1116 1054 1272; baseline -0.053 -16"><span class='ocrx_word' id='word_1_38' title='bbox 28 1197 110 1255; x_wconf 83' lang='lat' dir='ltr'>tata</span> <span class='ocrx_word' id='word_1_39' title='bbox 130 1163 265 1252; x_wconf 86' lang='lat' dir='ltr'>nimia</span> <span class='ocrx_word' id='word_1_40' title='bbox 279 1154 576 1272; x_wconf 78' lang='lat' dir='ltr'>prolixitate),</span> <span class='ocrx_word' id='word_1_41' title='bbox 604 1133 791 1230; x_wconf 84' lang='lat' dir='ltr'>adhibitis</span> <span class='ocrx_word' id='word_1_42' title='bbox 818 1129 958 1232; x_wconf 78' lang='lat' dir='ltr'>omni·</span> <span class='ocrx_word' id='word_1_43' title='bbox 1049 1116 1054 1124; x_wconf 54' lang='lat'>‘</span> 
     </span>
     <span class='ocr_line' id='line_1_10' title="bbox 29 1245 959 1371; baseline -0.046 -1"><span class='ocrx_word' id='word_1_44' title='bbox 29 1288 104 1369; x_wconf 90' lang='lat' dir='ltr'>bus</span> <span class='ocrx_word' id='word_1_45' title='bbox 147 1269 465 1366; x_wconf 78' lang='lat' dir='ltr'>circumstantiis</span> <span class='ocrx_word' id='word_1_46' title='bbox 491 1322 507 1371; x_wconf 96' lang='lat'>,</span> <span class='ocrx_word' id='word_1_47' title='bbox 531 1258 534 1266; x_wconf 65' lang='grc'>’</span> <span class='ocrx_word' id='word_1_48' title='bbox 555 1261 681 1352; x_wconf 87' lang='lat' dir='ltr'>etiam</span> <span class='ocrx_word' id='word_1_49' title='bbox 710 1245 959 1340; x_wconf 79' lang='lat' dir='ltr'>&#39;nominibus</span> 
     </span>
     <span class='ocr_line' id='line_1_11' title="bbox 29 1363 959 1504; baseline -0.049 -16"><span class='ocrx_word' id='word_1_50' title='bbox 29 1431 174 1490; x_wconf 87' lang='lat' dir='ltr'>eorum</span> <span class='ocrx_word' id='word_1_51' title='bbox 190 1454 205 1504; x_wconf 87' lang='lat'>,</span> <span class='ocrx_word' id='word_1_52' title='bbox 221 1395 288 1503; x_wconf 89' lang='lat' dir='ltr'>qui</span> <span class='ocrx_word' id='word_1_53' title='bbox 300 1410 369 1477; x_wconf 78' lang='lat' dir='ltr'>eas</span> <span class='ocrx_word' id='word_1_54' title='bbox 382 1415 448 1472; x_wconf 87' lang='lat' dir='ltr'>res</span> <span class='ocrx_word' id='word_1_55' title='bbox 465 1401 703 1498; x_wconf 81' lang='lat' dir='ltr'>gesserunt,</span> <span class='ocrx_word' id='word_1_56' title='bbox 716 1396 790 1474; x_wconf 87' lang='lat' dir='ltr'>ut,</span> <span class='ocrx_word' id='word_1_57' title='bbox 805 1363 839 1447; x_wconf 89' lang='lat' dir='ltr'>si</span> <span class='ocrx_word' id='word_1_58' title='bbox 855 1387 959 1474; x_wconf 88' lang='lat' dir='ltr'>opus</span> 
     </span>
     <span class='ocr_line' id='line_1_12' title="bbox 30 1479 962 1618; baseline -0.038 -18"><span class='ocrx_word' id='word_1_59' title='bbox 30 1517 188 1618; x_wconf 83' lang='lat' dir='ltr'>luerit,</span> <span class='ocrx_word' id='word_1_60' title='bbox 208 1505 424 1618; x_wconf 88' lang='lat' dir='ltr'>aliquando</span> <span class='ocrx_word' id='word_1_61' title='bbox 444 1496 644 1588; x_wconf 85' lang='lat' dir='ltr'>conscribi</span> <span class='ocrx_word' id='word_1_62' title='bbox 666 1485 794 1604; x_wconf 78' lang='lat' dir='ltr'>possit</span> <span class='ocrx_word' id='word_1_63' title='bbox 813 1479 962 1568; x_wconf 76' lang='lat' dir='ltr'>Histo-</span> 
     </span>
     <span class='ocr_line' id='line_1_13' title="bbox 34 1592 1209 1745; baseline -0.041 -24"><span class='ocrx_word' id='word_1_64' title='bbox 34 1636 113 1720; x_wconf 85' lang='lat' dir='ltr'>ria.</span> <span class='ocrx_word' id='word_1_65' title='bbox 149 1635 245 1745; x_wconf 83' lang='lat' dir='ltr'>Qua</span> <span class='ocrx_word' id='word_1_66' title='bbox 261 1628 383 1712; x_wconf 88' lang='lat' dir='ltr'>etiam</span> <span class='ocrx_word' id='word_1_67' title='bbox 399 1622 448 1706; x_wconf 89' lang='lat' dir='ltr'>de</span> <span class='ocrx_word' id='word_1_68' title='bbox 467 1647 585 1701; x_wconf 88' lang='lat' dir='ltr'>causa</span> <span class='ocrx_word' id='word_1_69' title='bbox 613 1639 705 1696; x_wconf 90' lang='lat' dir='ltr'>cum</span> <span class='ocrx_word' id='word_1_70' title='bbox 723 1598 870 1712; x_wconf 85' lang='lat' dir='ltr'>aliquid</span> <span class='ocrx_word' id='word_1_71' title='bbox 890 1592 1028 1700; x_wconf 25' lang='lat' dir='ltr'>oc-ssstt</span> <span class='ocrx_word' id='word_1_72' title='bbox 1040 1595 1145 1678; x_wconf 67' lang='lat' dir='ltr'>mli·</span> <span class='ocrx_word' id='word_1_73' title='bbox 1159 1615 1209 1674; x_wconf 82' lang='lat'>¹⁴·</span> 
     </span>
     <span class='ocr_line' id='line_1_14' title="bbox 36 1721 963 1855; baseline -0.043 -22"><span class='ocrx_word' id='word_1_74' title='bbox 36 1777 168 1838; x_wconf 89' lang='lat' dir='ltr'>curret</span> <span class='ocrx_word' id='word_1_75' title='bbox 198 1747 370 1855; x_wconf 83' lang='lat' dir='ltr'>dignum</span> <span class='ocrx_word' id='word_1_76' title='bbox 404 1734 637 1838; x_wconf 87' lang='lat' dir='ltr'>memoria,</span> <span class='ocrx_word' id='word_1_77' title='bbox 682 1721 792 1833; x_wconf 81' lang='lat' dir='ltr'>quod</span> <span class='ocrx_word' id='word_1_78' title='bbox 823 1739 963 1804; x_wconf 86' lang='lat' dir='ltr'>tamen</span> 
     </span>
     <span class='ocr_line' id='line_1_15' title="bbox 37 1831 1039 1980; baseline -0.047 -27"><span class='ocrx_word' id='word_1_79' title='bbox 37 1893 203 1980; x_wconf 87' lang='lat' dir='ltr'>propter</span> <span class='ocrx_word' id='word_1_80' title='bbox 235 1861 410 1966; x_wconf 83' lang='lat' dir='ltr'>aliquam</span> <span class='ocrx_word' id='word_1_81' title='bbox 442 1861 602 1940; x_wconf 85' lang='lat' dir='ltr'>causam</span> <span class='ocrx_word' id='word_1_82' title='bbox 644 1871 739 1932; x_wconf 89' lang='lat' dir='ltr'>non</span> <span class='ocrx_word' id='word_1_83' title='bbox 776 1831 963 1945; x_wconf 80' lang='lat' dir='ltr'>expediat</span> <span class='ocrx_word' id='word_1_84' title='bbox 1037 1921 1039 1924; x_wconf 76' lang='lat'>.</span> 
     </span>
     <span class='ocr_line' id='line_1_16' title="bbox 40 1947 965 2088; baseline -0.036 -24"><span class='ocrx_word' id='word_1_85' title='bbox 40 1983 232 2068; x_wconf 89' lang='lat' dir='ltr'>omnibus</span> <span class='ocrx_word' id='word_1_86' title='bbox 262 1972 452 2088; x_wconf 84' lang='lat' dir='ltr'>uulgari,</span> <span class='ocrx_word' id='word_1_87' title='bbox 482 1967 522 2052; x_wconf 90' lang='lat' dir='ltr'>id</span> <span class='ocrx_word' id='word_1_88' title='bbox 552 1959 730 2052; x_wconf 86' lang='lat' dir='ltr'>scribent</span> <span class='ocrx_word' id='word_1_89' title='bbox 747 1947 965 2062; x_wconf 86' lang='lat' dir='ltr'>separatim</span> 
     </span>
     <span class='ocr_line' id='line_1_17' title="bbox 40 2073 967 2210; baseline -0.043 -27"><span class='ocrx_word' id='word_1_90' title='bbox 40 2096 236 2210; x_wconf 78' lang='lat' dir='ltr'>integre,</span> <span class='ocrx_word' id='word_1_91' title='bbox 278 2093 324 2180; x_wconf 70' lang='grc' dir='ltr'>ἃ</span> <span class='ocrx_word' id='word_1_92' title='bbox 367 2083 543 2201; x_wconf 73' lang='lat' dir='ltr'>perfecte</span> <span class='ocrx_word' id='word_1_93' title='bbox 577 2111 591 2164; x_wconf 74' lang='lat' dir='ltr'>a</span> <span class='ocrx_word' id='word_1_94' title='bbox 638 2073 683 2163; x_wconf 89' lang='lat' dir='ltr'>in</span> <span class='ocrx_word' id='word_1_95' title='bbox 728 2073 799 2157; x_wconf 84' lang='lat' dir='ltr'>ille</span> <span class='ocrx_word' id='word_1_96' title='bbox 822 2089 967 2160; x_wconf 82' lang='lat' dir='ltr'>autem</span> 
     </span>
     <span class='ocr_line' id='line_1_18' title="bbox 43 2174 968 2304; baseline -0.052 -1"><span class='ocrx_word' id='word_1_97' title='bbox 43 2213 250 2304; x_wconf 81' lang='lat' dir='ltr'>communi</span> <span class='ocrx_word' id='word_1_98' title='bbox 279 2205 546 2301; x_wconf 78' lang='lat' dir='ltr'>narratione,</span> <span class='ocrx_word' id='word_1_99' title='bbox 576 2198 642 2281; x_wconf 87' lang='lat' dir='ltr'>vel</span> <span class='ocrx_word' id='word_1_100' title='bbox 669 2187 842 2275; x_wconf 90' lang='lat' dir='ltr'>omnino</span> <span class='ocrx_word' id='word_1_101' title='bbox 869 2174 968 2266; x_wconf 87' lang='lat' dir='ltr'>reti-</span> 
     </span>
     <span class='ocr_line' id='line_1_19' title="bbox 42 2317 972 2430; baseline -0.041 -18"><span class='ocrx_word' id='word_1_102' title='bbox 42 2329 219 2430; x_wconf 87' lang='lat' dir='ltr'>cebunt,</span> <span class='ocrx_word' id='word_1_103' title='bbox 247 2331 313 2412; x_wconf 83' lang='lat' dir='ltr'>vel</span> <span class='ocrx_word' id='word_1_104' title='bbox 342 2353 389 2407; x_wconf 88' lang='lat' dir='ltr'>ea</span> <span class='ocrx_word' id='word_1_105' title='bbox 418 2345 579 2407; x_wconf 90' lang='lat' dir='ltr'>tantum</span> <span class='ocrx_word' id='word_1_106' title='bbox 604 2327 848 2418; x_wconf 81' lang='lat' dir='ltr'>excerpent,</span> <span class='ocrx_word' id='word_1_107' title='bbox 876 2317 972 2402; x_wconf 84' lang='lat' dir='ltr'>quae</span> 
     </span>
     <span class='ocr_line' id='line_1_20' title="bbox 45 2406 1016 2549; baseline -0.048 -16"><span class='ocrx_word' id='word_1_108' title='bbox 45 2446 310 2534; x_wconf 81' lang='lat' dir='ltr'>aedificationi</span> <span class='ocrx_word' id='word_1_109' title='bbox 342 2467 435 2524; x_wconf 87' lang='lat' dir='ltr'>esse</span> <span class='ocrx_word' id='word_1_110' title='bbox 460 2457 672 2549; x_wconf 87' lang='lat' dir='ltr'>possunt.</span> <span class='ocrx_word' id='word_1_111' title='bbox 700 2425 784 2528; x_wconf 88' lang='lat' dir='ltr'>Et,</span> <span class='ocrx_word' id='word_1_112' title='bbox 816 2406 974 2522; x_wconf 83' lang='lat' dir='ltr'>quaeatl</span> <span class='ocrx_word' id='word_1_113' title='bbox 1015 2409 1016 2412; x_wconf 63' lang='lat'>‘</span> 
     </span>
     <span class='ocr_line' id='line_1_21' title="bbox 45 2541 973 2674; baseline -0.05 -20"><span class='ocrx_word' id='word_1_114' title='bbox 45 2589 239 2652; x_wconf 74' lang='lat' dir='ltr'>exrernos</span> <span class='ocrx_word' id='word_1_115' title='bbox 273 2559 485 2674; x_wconf 85' lang='lat' dir='ltr'>pertinent</span> <span class='ocrx_word' id='word_1_116' title='bbox 514 2613 531 2662; x_wconf 87' lang='lat'><strong>‚</strong></span> <span class='ocrx_word' id='word_1_117' title='bbox 561 2552 615 2636; x_wconf 89' lang='lat' dir='ltr'>ita</span> <span class='ocrx_word' id='word_1_118' title='bbox 641 2541 859 2628; x_wconf 75' lang='lat' dir='ltr'>narrentur</span> <span class='ocrx_word' id='word_1_119' title='bbox 876 2589 893 2637; x_wconf 85' lang='lat'><strong>‚</strong></span> <span class='ocrx_word' id='word_1_120' title='bbox 910 2550 973 2608; x_wconf 87' lang='lat' dir='ltr'>·ut</span> 
     </span>
     <span class='ocr_line' id='line_1_22' title="bbox 42 2637 1001 2792; baseline -0.045 -28"><span class='ocrx_word' id='word_1_121' title='bbox 42 2675 85 2765; x_wconf 88' lang='lat' dir='ltr'>in</span> <span class='ocrx_word' id='word_1_122' title='bbox 112 2711 161 2765; x_wconf 84' lang='lat' dir='ltr'>ea</span> <span class='ocrx_word' id='word_1_123' title='bbox 199 2680 288 2792; x_wconf 91' lang='lat' dir='ltr'>ipsa</span> <span class='ocrx_word' id='word_1_124' title='bbox 321 2677 502 2784; x_wconf 88' lang='lat' dir='ltr'>Domo,</span> <span class='ocrx_word' id='word_1_125' title='bbox 532 2693 601 2753; x_wconf 91' lang='lat' dir='ltr'>aut</span> <span class='ocrx_word' id='word_1_126' title='bbox 640 2655 862 2750; x_wconf 82' lang='lat' dir='ltr'>Ciuitate,</span> <span class='ocrx_word' id='word_1_127' title='bbox 903 2637 1001 2725; x_wconf 71' lang='lat' dir='ltr'>ubi&#39;</span> 
     </span>
     <span class='ocr_line' id='line_1_23' title="bbox 47 2759 978 2902; baseline -0.041 -27"><span class='ocrx_word' id='word_1_128' title='bbox 47 2800 315 2902; x_wconf 76' lang='lat' dir='ltr'>scribuntur,</span> <span class='ocrx_word' id='word_1_129' title='bbox 344 2819 390 2876; x_wconf 85' lang='lat' dir='ltr'>ac</span> <span class='ocrx_word' id='word_1_130' title='bbox 415 2787 566 2893; x_wconf 89' lang='lat' dir='ltr'>ubique</span> <span class='ocrx_word' id='word_1_131' title='bbox 594 2769 752 2894; x_wconf 73' lang='lat' dir='ltr'>publice</span> <span class='ocrx_word' id='word_1_132' title='bbox 770 2764 851 2876; x_wconf 86' lang='lat' dir='ltr'>legi</span> <span class='ocrx_word' id='word_1_133' title='bbox 879 2759 978 2841; x_wconf 85' lang='lat' dir='ltr'>citra</span> 
     </span>
     <span class='ocr_line' id='line_1_24' title="bbox 47 2873 1227 3024; baseline -0.04 -20"><span class='ocrx_word' id='word_1_134' title='bbox 47 2916 285 3024; x_wconf 80' lang='lat' dir='ltr'>cujusquam</span> <span class='ocrx_word' id='word_1_135' title='bbox 311 2903 590 2996; x_wconf 85' lang='lat' dir='ltr'>offensionem</span> <span class='ocrx_word' id='word_1_136' title='bbox 604 2889 804 3008; x_wconf 84' lang='lat' dir='ltr'>possint.</span> <span class='ocrx_word' id='word_1_137' title='bbox 832 2873 1227 2970; x_wconf 54' lang='lat' dir='ltr'>Vitansstttiiutt¹</span> 
     </span>
     <span class='ocr_line' id='line_1_25' title="bbox 48 3018 1027 3138; baseline -0.051 -21"><span class='ocrx_word' id='word_1_138' title='bbox 48 3050 112 3114; x_wconf 85' lang='lat' dir='ltr'>tur</span> <span class='ocrx_word' id='word_1_139' title='bbox 140 3031 318 3138; x_wconf 87' lang='lat' dir='ltr'>denique</span> <span class='ocrx_word' id='word_1_140' title='bbox 346 3018 656 3133; x_wconf 78' lang='lat' dir='ltr'>exagerationes</span> <span class='ocrx_word' id='word_1_141' title='bbox 685 3029 851 3099; x_wconf 85' lang='lat' dir='ltr'>rerum,</span> <span class='ocrx_word' id='word_1_142' title='bbox 892 3022 982 3078; x_wconf 83' lang='lat' dir='ltr'>am·</span> <span class='ocrx_word' id='word_1_143' title='bbox 1019 3053 1027 3067; x_wconf 89' lang='lat'><strong>.</strong></span> 
     </span>
     <span class='ocr_line' id='line_1_26' title="bbox 49 3113 986 3250; baseline -0.048 -14"><span class='ocrx_word' id='word_1_144' title='bbox 49 3145 404 3250; x_wconf 74' lang='lat' dir='ltr'>plifieattonesque</span> <span class='ocrx_word' id='word_1_145' title='bbox 432 3137 682 3232; x_wconf 89' lang='lat' dir='ltr'>verborum,</span> <span class='ocrx_word' id='word_1_146' title='bbox 712 3133 763 3208; x_wconf 69' lang='lat' dir='ltr'>ut‘</span> <span class='ocrx_word' id='word_1_147' title='bbox 779 3113 986 3225; x_wconf 79' lang='lat' dir='ltr'>simplex,</span> 
     </span>
     <span class='ocr_line' id='line_1_27' title="bbox 51 3234 986 3380; baseline -0.048 -29"><span class='ocrx_word' id='word_1_148' title='bbox 51 3255 94 3342; x_wconf 70' lang='grc' dir='ltr'>ἃ</span> <span class='ocrx_word' id='word_1_149' title='bbox 115 3264 321 3380; x_wconf 84' lang='lat' dir='ltr'>religiosa</span> <span class='ocrx_word' id='word_1_150' title='bbox 334 3257 486 3345; x_wconf 86' lang='lat' dir='ltr'>veritas</span> <span class='ocrx_word' id='word_1_151' title='bbox 516 3251 563 3337; x_wconf 86' lang='lat' dir='ltr'>in</span> <span class='ocrx_word' id='word_1_152' title='bbox 590 3237 785 3333; x_wconf 89' lang='lat' dir='ltr'>omnibus</span> <span class='ocrx_word' id='word_1_153' title='bbox 803 3234 986 3316; x_wconf 75' lang='lat' dir='ltr'>eluceant</span> 
     </span>
     <span class='ocr_line' id='line_1_28' title="bbox 52 3361 992 3510; baseline -0.048 -38"><span class='ocrx_word' id='word_1_154' title='bbox 52 3373 106 3510; x_wconf 39' lang='grc' dir='ltr'>ἃ.</span> <span class='ocrx_word' id='word_1_155' title='bbox 128 3409 205 3492; x_wconf 86' lang='lat' dir='ltr'>pro</span> <span class='ocrx_word' id='word_1_156' title='bbox 241 3375 450 3464; x_wconf 85' lang='lat' dir='ltr'>miraculis</span> <span class='ocrx_word' id='word_1_157' title='bbox 491 3396 584 3456; x_wconf 87' lang='lat' dir='ltr'>non</span> <span class='ocrx_word' id='word_1_158' title='bbox 616 3375 827 3476; x_wconf 88' lang='lat' dir='ltr'>ponantur</span> <span class='ocrx_word' id='word_1_159' title='bbox 852 3361 874 3452; x_wconf 72' lang='lat'>,&#39;</span> <span class='ocrx_word' id='word_1_160' title='bbox 898 3367 992 3451; x_wconf 83' lang='lat' dir='ltr'>quae</span> 
     </span>
     <span class='ocr_line' id='line_1_29' title="bbox 55 3477 991 3588; baseline -0.045 -1"><span class='ocrx_word' id='word_1_161' title='bbox 55 3497 248 3586; x_wconf 78' lang='lat' dir='ltr'>miracula</span> <span class='ocrx_word' id='word_1_162' title='bbox 277 3523 369 3582; x_wconf 87' lang='lat' dir='ltr'>non</span> <span class='ocrx_word' id='word_1_163' title='bbox 399 3491 620 3588; x_wconf 60' lang='lat' dir='ltr'>sint3-‘nec</span> <span class='ocrx_word' id='word_1_164' title='bbox 647 3477 833 3567; x_wconf 86' lang='lat' dir='ltr'>incerta,</span> <span class='ocrx_word' id='word_1_165' title='bbox 866 3485 991 3568; x_wconf 85' lang='lat' dir='ltr'>quee-</span> 
     </span>
     <span class='ocr_line' id='line_1_30' title="bbox 53 3588 994 3722; baseline -0.049 -8"><span class='ocrx_word' id='word_1_166' title='bbox 53 3633 133 3713; x_wconf 78' lang='lat' dir='ltr'>que</span> <span class='ocrx_word' id='word_1_167' title='bbox 167 3609 363 3722; x_wconf 88' lang='lat' dir='ltr'>diligenti</span> <span class='ocrx_word' id='word_1_168' title='bbox 387 3602 571 3703; x_wconf 82' lang='lat' dir='ltr'>adhibita</span> <span class='ocrx_word' id='word_1_169' title='bbox 595 3588 863 3709; x_wconf 86' lang='lat' dir='ltr'>inquisitione</span> <span class='ocrx_word' id='word_1_170' title='bbox 880 3605 994 3670; x_wconf 84' lang='lat' dir='ltr'>com·</span> 
     </span>
     <span class='ocr_line' id='line_1_31' title="bbox 56 3727 440 3836; baseline -0.01 -18"><span class='ocrx_word' id='word_1_171' title='bbox 56 3751 168 3836; x_wconf 79' lang='lat' dir='ltr'>perta</span> <span class='ocrx_word' id='word_1_172' title='bbox 194 3758 287 3818; x_wconf 87' lang='lat' dir='ltr'>non</span> <span class='ocrx_word' id='word_1_173' title='bbox 321 3727 440 3814; x_wconf 85' lang='lat' dir='ltr'>sint.</span> 
     </span>
    </p>
   </div>
   <div class='ocr_carea' id='block_1_2' title="bbox 551 3807 985 3940">
    <p class='ocr_par' dir='ltr' id='par_1_2' title="bbox 531 3807 985 3977">
     <span class='ocr_line' id='line_1_32' title="bbox 551 3807 985 3940; baseline -0.046 -23.925"><span class='ocrx_word' id='word_1_174' title='bbox 531 3832 590 3939; x_wconf 76' lang='lat' dir='ltr'><strong><em>f</em></strong></span> <span class='ocrx_word' id='word_1_175' title='bbox 783 3846 856 3940; x_wconf 81' lang='lat'>3¹·</span> <span class='ocrx_word' id='word_1_176' title='bbox 875 3807 985 3902; x_wconf 76' lang='lat' dir='ltr'>uum</span> 
     </span>
    </p>
   </div>
   <div class='ocr_carea' id='block_1_3' title="bbox 0 0 1402 4332">
    <p class='ocr_par' dir='ltr' id='par_1_3' title="bbox 0 0 1402 4332">
     <span class='ocr_line' id='line_1_33' title="bbox 0 0 1402 4332; baseline 0 0"><span class='ocrx_word' id='word_1_177' title='bbox 0 0 1402 4332; x_wconf 95' lang='lat' dir='ltr'> </span> 
     </span>
    </p>
   </div>
  </div>
 </body>
</html>
