2750 4332
253 155 779 251 rrvsvnvorto
919 193 973 286 ,5

55 331 157 393 sunt
173 303 224 390 ad
234 304 513 413 ‚Generalem‚
542 310 775 419 exemplum
792 310 974 419 ejusmo-

54 422 93 504 di
128 422 380 524 litterarum,
408 426 480 508 vel
513 451 653 506 earum
692 452 896 508 summam
928 423 973 508 in

57 537 166 624 libro
178 538 354 645 aliquo,
385 540 452 648 qui
472 539 680 641 scribunt,
710 539 812 652 apud
835 567 880 625 se
906 567 973 624 re·

58 681 245 740 uncant.
684 745 689 754 ,

65 847 70 856 .
121 795 188 891 17.
220 769 266 854 Si
301 769 394 876 quid
425 771 565 858 secreti
584 770 869 872 scribendum,
905 776 971 858 vel
987 771 1017 870 ⁵}
1031 771 1101 851 quta
1124 793 1216 836 seete·

60 887 139 972 soli
154 887 363 998 Superiori
382 886 728 1000 committendum
746 888 822 985 sit,
858 916 970 973 seor·
986 857 1214 1012 {lfecllillli
1335 960 1347 986 t

62 1030 152 1086 sum
189 1002 416 1116 inproprie
447 1004 615 1118 epistola
632 1001 850 1106 scribatur,
879 1013 1195 1110 quaescribendum-

59 1146 151 1202 cum
169 1118 259 1202 aliis
290 1121 334 1212 in
351 1121 491 1208 eodem
507 1118 693 1202 fasciculo
710 1120 896 1226 colligata
913 1123 971 1206 in·
985 1093 1216 1252 libini?

61 1231 275 1334 cludatur,
308 1237 461 1348 adiecto
485 1235 666 1332 exterius
696 1238 865 1344 (soli)
898 1237 971 1321 sub

62 1350 327 1462 inscriptione
349 1353 533 1464 ejusdem
550 1351 765 1462 epistolae:
802 1353 909 1456 quod
937 1355 972 1437 si

59 1466 259 1576 ejusmodi
292 1470 460 1581 epistola
489 1471 578 1552 sola
610 1465 866 1580 mitteretur,
897 1469 974 1553 alia

59 1585 197 1666 charta
212 1581 478 1692 involvatur,
507 1611 597 1691 quae
627 1582 774 1687 absque
808 1589 934 1685 (soli
948 1600 972 1694 )
1054 1656 1073 1698 n

62 1697 374 1810 inscriptionem
390 1701 532 1814 habeat
548 1763 560 1786 .

121 1820 192 1902 18.
220 1817 271 1902 In
302 1817 453 1916 rebus,
482 1842 575 1922 quae
606 1842 805 1917 secretum
839 1810 1222 1949 requi-Utbrevsecrea

58 1955 189 2039 tunt,
222 1933 499 2045 explicandis,
530 1933 595 2016 his
622 1932 827 2016 vocabulis
860 1911 1042 2016 uren-⁵⁶¹¹
1067 1895 1164 1956 ‘⁰⁶³'

58 2049 155 2134 dum
173 2050 249 2154 erit
266 2109 283 2157 ,
298 2077 343 2136 ut
361 2079 408 2133 ea
426 2047 601 2159 intelligi
615 2099 629 2146 ,
643 2048 723 2133 nisi
745 2079 768 2132 a
785 2047 974 2154 Superio-

58 2191 102 2248 re
120 2169 412 2277 nonpossint:
448 2165 615 2254 modum
635 2193 768 2252 autem
790 2164 975 2277 praescri-

61 2281 127 2366 bet
144 2281 360 2370 Generalis
376 2345 388 2370 .

118 2427 189 2508 19·
218 2401 369 2487 Nullus
400 2397 599 2499 inferior,
631 2402 711 2486 nisi
731 2396 874 2488 morbo
892 2393 974 2480 im-
990 2379 1225 2525 sffli‘gffl

59 2511 250 2623 peditur,
283 2522 434 2622 litteras
467 2517 514 2599 atl
533 2515 794 2628 Superiorem
823 2541 875 2604 ert
903 2537 975 2600 sua
1000 2484 1212 2606 colementis

59 2633 352 2720 commissione
368 2628 485 2716 scribi
502 2632 640 2718 faciat.
755 2697 762 2712 ,
987 2626 1209 2702 scruposa·

75 2783 78 2790 ·
118 2772 193 2838 20.
225 2750 496 2838 Consultores
510 2750 759 2850 Raetorum,
789 2744 974 2858 &Supe
1030 2759 1224 2822 consultores

56 2864 214 2952 riorum
249 2869 436 2955 localium
468 2869 622 2954 litteras
658 2861 894 2976 obsignatas
926 2861 1116 3006 adperiotes
1151 2923 1222 2981 sen·

55 2979 359 3072 Provincialem
376 2983 529 3073 dabunt
549 2983 608 3068 bis
627 2981 671 3066 in
689 3009 830 3079 anno,
862 3006 975 3062 men·
990 3011 1084 3067 sent·

57 3123 100 3184 se
122 3099 346 3207 Januario,
372 3103 415 3186 ἃ
434 3101 572 3210 Juli93
600 3097 717 3187 &ad
734 3095 976 3181 Generalem
989 3083 1177 3232 ffifflg'
1190 3099 1221 3150 ⁷·

57 3214 232 3326 singulis
250 3220 375 3303 annis
394 3246 536 3307 mense
550 3213 741 3325 Januario
756 3274 777 3308 .,
797 3211 976 3294 Consul·
1078 3183 1097 3244 ⁹

56 3355 167 3414 tores
198 3333 296 3418 verb
315 3335 632 3421 l’rovincialium
664 3330 714 3413 ad
726 3325 980 3412 Generalem

56 3475 202 3532 mense
221 3450 446 3555 Januario,
476 3450 520 3534 ἃ
537 3451 645 3558 Julio
666 3505 681 3552 ,
719 3444 885 3538 nistros
903 3438 981 3521 ali-

57 3589 136 3668 qua
166 3567 221 3652 ita
251 3593 447 3680 urgeret,
478 3593 524 3657 ut
554 3568 603 3650 de
631 3567 699 3650 illa
726 3561 848 3644 etiam
866 3578 978 3640 extra

55 3676 145 3765 haec
162 3710 341 3795 tempora
356 3682 610 3772 scribendum
633 3678 858 3794 judicarent
876 3733 888 3756 .
927 3782 958 3870 I·

832 3811 905 3878 21·
949 3811 984 3867 rs

990 2845 1106 2926 quoties
1122 2840 1158 2900 ad
1174 2842 1226 2898 Str·
1355 2881 1357 2886 -
