2756 4336
170 195 464 306 urnorsrut
492 213 796 312 novimen.
873 257 953 350 141

76 365 122 449 8.
143 362 369 449 Versatum
385 389 476 446 esse
492 364 695 476 Oportebit
714 366 758 452 ln
780 373 955 460 lectione
968 401 1203 464 Versatuttltin

8 485 230 568 'librorum
250 479 552 590 spiritualium,
584 509 631 563 ut
663 483 921 598 deceptiones
940 480 1204 621 ‚¹⁶⁶‘³⁰¹¹⁶.¹l{‘2j
1261 575 1266 584 ,

24 630 110 704 quae
129 601 181 682 in
201 597 397 708 spirituali
416 597 502 680 vita
517 598 701 684 accidunt
718 595 735 700 ‚'
764 633 851 688 non
871 635 953 695 tan·
968 585 1044 710 iiiii,
1060 579 1169 696 ’.ΨΜ

24 746 104 799 tum
121 715 443 824 experimento,
473 714 680 798 sedetiam
700 719 875 805 lectione
896 726 956 810 in·

23 834 217 943 telligat.
251 827 409 938 Quibus
438 856 575 914 autem
600 833 754 918 utiliter
784 835 874 948 ipse*
898 842 956 926 uti

24 951 210 1056 poterit,
243 946 270 1028 ii
305 944 553 1054 fetosum,
586 948 727 1050 quiin
768 949 955 1063 subjecto

24 1061 223 1173 Catalogo
240 1089 534 1145 numerantur.
564 1060 743 1148 Novitiis
761 1095 858 1152 vero
882 1101 955 1157 eos

26 1209 188 1265 tautum
216 1175 410 1287 legendos
430 1179 586 1284 tradet,
617 1181 683 1285 qui
713 1208 859 1267 nostro
878 1189 955 1272 In·
1073 1276 1078 1283 ,

24 1299 164 1382 stituto
187 1294 476 1396 conveniunt,
505 1297 673 1400 nequid
708 1295 757 1379 ab
785 1327 834 1380 eo
856 1304 954 1385 alie-

23 1446 119 1496 num
156 1410 376 1506 hauriant,
409 1436 478 1492 aut
506 1421 758 1519 quacumque
789 1416 950 1504 ratione

25 1531 242 1638 quidquam
256 1525 489 1612 detrimenti
505 1528 663 1640 capiant
680 1589 694 1614 .

352 1757 441 1848 rr
470 1709 576 1843 sn
605 1758 627 1844 r

75 1989 161 2077 Aa
194 2018 322 2076 urum
357 1993 573 2111 Magistri
604 1989 892 2080 Neruiorum

317 2109 634 2200 accommodati
648 2163 660 2186 .

31 2216 251 2446 Basilii
270 2339 453 2429 Ascerica
464 2400 480 2450 ,
510 2340 555 2430 ἃ
573 2344 751 2458 Regulae
769 2406 782 2432 .

26 2454 205 2568 Gregorii
222 2458 402 2546 Moralia
421 2526 433 2550 .
747 2463 750 2470 ’

25 2572 242 2685 Augustini
254 2573 544 2666 confessiones
555 2575 945 2680 ,dtMeditationes

28 2687 252 2778 Bernardus
274 2758 287 2779 .

24 2801 325 2900 Bonaventurae
345 2813 582 2929 Opuscula.

28 2917 244 3012 Cassianus
264 2994 275 3014 .
630 3003 632 3011 .

27 3039 215 3130 Homiliae
249 3045 500 3154 Dorothaei‚
530 3039 735 3144 Maeuii,
765 3039 941 3132 Gaesarii

74 3163 334 3252 Arelatensis
351 3169 566 3281 Episcopi.
718 3271 721 3280 Δ

26 3271 221 3380 Opuscula
236 3283 413 3397 Ephrem
429 3340 445 3387 ,
462 3286 551 3372 Nili
568 3347 589 3398 ,‚
602 3275 739 3369 Esaiae
755 3273 944 3366 Abbatis.

26 3382 247 3481 lliadochus
267 3464 279 3485 .

29 3505 140 3618 Hugo
163 3513 212 3594 de
231 3513 485 3620 S.Victore‚
515 3519 564 3606 de
582 3524 760 3606 claustro
777 3509 943 3600 animae·
981 3617 986 3624 ,

25 3619 239 3712 lliehardus
254 3631 303 3714 de
323 3635 368 3719 S.
385 3637 551 3722 Victore
569 3703 580 3723 .

28 3739 191 3828 Huberti
208 3746 494 3839 Institutiones
513 3749 742 3866 Spiritualis
760 3746 889 3948 vitaei

504 3871 537 3953 κ
566 3899 600 3956 a·
895 3893 947 3936 ”-
